%YAML 1.1
%TAG !u! tag:unity3d.com,2011:
--- !u!1001 &100100000
Prefab:
  m_ObjectHideFlags: 1
  serializedVersion: 2
  m_Modification:
    m_TransformParent: {fileID: 0}
    m_Modifications: []
    m_RemovedComponents: []
  m_ParentPrefab: {fileID: 0}
  m_RootGameObject: {fileID: 1294745402487266}
  m_IsPrefabParent: 1
--- !u!1 &1098316697192724
GameObject:
  m_ObjectHideFlags: 1
  m_PrefabParentObject: {fileID: 0}
  m_PrefabInternal: {fileID: 100100000}
  serializedVersion: 5
  m_Component:
  - component: {fileID: 4576309339660224}
  - component: {fileID: 33632866034727026}
  - component: {fileID: 64643300080187564}
  m_Layer: 0
  m_Name: wakaCol3_M
  m_TagString: Untagged
  m_Icon: {fileID: 0}
  m_NavMeshLayer: 0
  m_StaticEditorFlags: 0
  m_IsActive: 1
--- !u!1 &1098403271109352
GameObject:
  m_ObjectHideFlags: 1
  m_PrefabParentObject: {fileID: 0}
  m_PrefabInternal: {fileID: 100100000}
  serializedVersion: 5
  m_Component:
  - component: {fileID: 4861614648448894}
  - component: {fileID: 33101125943078116}
  - component: {fileID: 64949284999038684}
  m_Layer: 0
  m_Name: wakaCol2_M
  m_TagString: Untagged
  m_Icon: {fileID: 0}
  m_NavMeshLayer: 0
  m_StaticEditorFlags: 0
  m_IsActive: 1
--- !u!1 &1114446963739874
GameObject:
  m_ObjectHideFlags: 1
  m_PrefabParentObject: {fileID: 0}
  m_PrefabInternal: {fileID: 100100000}
  serializedVersion: 5
  m_Component:
  - component: {fileID: 4789235496754980}
  - component: {fileID: 33902762903383260}
  - component: {fileID: 64265971481959420}
  m_Layer: 0
  m_Name: wakaCol3_M
  m_TagString: Untagged
  m_Icon: {fileID: 0}
  m_NavMeshLayer: 0
  m_StaticEditorFlags: 0
  m_IsActive: 1
--- !u!1 &1208827936099720
GameObject:
  m_ObjectHideFlags: 0
  m_PrefabParentObject: {fileID: 0}
  m_PrefabInternal: {fileID: 100100000}
  serializedVersion: 5
  m_Component:
  - component: {fileID: 4731017704425460}
  m_Layer: 0
  m_Name: WAKA-IN-PLACEHOLDER
  m_TagString: Untagged
  m_Icon: {fileID: 0}
  m_NavMeshLayer: 0
  m_StaticEditorFlags: 0
  m_IsActive: 1
--- !u!1 &1294745402487266
GameObject:
  m_ObjectHideFlags: 0
  m_PrefabParentObject: {fileID: 0}
  m_PrefabInternal: {fileID: 100100000}
  serializedVersion: 5
  m_Component:
  - component: {fileID: 4950540014476444}
  - component: {fileID: 114199526920945350}
  m_Layer: 0
  m_Name: BoatCutSceneManager
  m_TagString: Untagged
  m_Icon: {fileID: 0}
  m_NavMeshLayer: 0
  m_StaticEditorFlags: 0
  m_IsActive: 1
--- !u!1 &1341277739355026
GameObject:
  m_ObjectHideFlags: 0
  m_PrefabParentObject: {fileID: 0}
  m_PrefabInternal: {fileID: 100100000}
  serializedVersion: 5
  m_Component:
  - component: {fileID: 4930610451493746}
  m_Layer: 0
  m_Name: WAKA-OUT-PLACEHOLDER
  m_TagString: Untagged
  m_Icon: {fileID: 0}
  m_NavMeshLayer: 0
  m_StaticEditorFlags: 0
  m_IsActive: 1
--- !u!1 &1405389042923282
GameObject:
  m_ObjectHideFlags: 1
  m_PrefabParentObject: {fileID: 0}
  m_PrefabInternal: {fileID: 100100000}
  serializedVersion: 5
  m_Component:
  - component: {fileID: 4931767821364594}
  - component: {fileID: 33472068512703056}
  - component: {fileID: 23861617919937908}
  m_Layer: 0
  m_Name: waka_m_v2
  m_TagString: Untagged
  m_Icon: {fileID: 0}
  m_NavMeshLayer: 0
  m_StaticEditorFlags: 0
  m_IsActive: 1
--- !u!1 &1474806501064324
GameObject:
  m_ObjectHideFlags: 1
  m_PrefabParentObject: {fileID: 0}
  m_PrefabInternal: {fileID: 100100000}
  serializedVersion: 5
  m_Component:
  - component: {fileID: 4016004712207774}
  - component: {fileID: 33215774481913218}
  - component: {fileID: 64495144778785722}
  m_Layer: 0
  m_Name: wakaCol4_M
  m_TagString: Untagged
  m_Icon: {fileID: 0}
  m_NavMeshLayer: 0
  m_StaticEditorFlags: 0
  m_IsActive: 1
--- !u!1 &1497048171269758
GameObject:
  m_ObjectHideFlags: 0
  m_PrefabParentObject: {fileID: 0}
  m_PrefabInternal: {fileID: 100100000}
  serializedVersion: 5
  m_Component:
  - component: {fileID: 4084006161533876}
  m_Layer: 0
  m_Name: playerSpawnerDock
  m_TagString: Untagged
  m_Icon: {fileID: 0}
  m_NavMeshLayer: 0
  m_StaticEditorFlags: 0
  m_IsActive: 1
--- !u!1 &1520589151968506
GameObject:
  m_ObjectHideFlags: 0
  m_PrefabParentObject: {fileID: 0}
  m_PrefabInternal: {fileID: 100100000}
  serializedVersion: 5
  m_Component:
  - component: {fileID: 4949279297012378}
  - component: {fileID: 33575846543895330}
  - component: {fileID: 65651038498176704}
  - component: {fileID: 114844691939430632}
  m_Layer: 0
  m_Name: BoatTrigger-Collectible
  m_TagString: Untagged
  m_Icon: {fileID: 0}
  m_NavMeshLayer: 0
  m_StaticEditorFlags: 0
  m_IsActive: 1
--- !u!1 &1625360371999618
GameObject:
  m_ObjectHideFlags: 1
  m_PrefabParentObject: {fileID: 0}
  m_PrefabInternal: {fileID: 100100000}
  serializedVersion: 5
  m_Component:
  - component: {fileID: 4145308398134762}
  - component: {fileID: 33353535716410094}
  - component: {fileID: 64275315004295564}
  m_Layer: 0
  m_Name: wakaCol4_M
  m_TagString: Untagged
  m_Icon: {fileID: 0}
  m_NavMeshLayer: 0
  m_StaticEditorFlags: 0
  m_IsActive: 1
--- !u!1 &1753971283078782
GameObject:
  m_ObjectHideFlags: 1
  m_PrefabParentObject: {fileID: 0}
  m_PrefabInternal: {fileID: 100100000}
  serializedVersion: 5
  m_Component:
  - component: {fileID: 4607089024535558}
  - component: {fileID: 33483578922191622}
  - component: {fileID: 64813906415066488}
  m_Layer: 0
  m_Name: wakaCol2_M
  m_TagString: Untagged
  m_Icon: {fileID: 0}
  m_NavMeshLayer: 0
  m_StaticEditorFlags: 0
  m_IsActive: 1
--- !u!1 &1786014392338170
GameObject:
  m_ObjectHideFlags: 0
  m_PrefabParentObject: {fileID: 0}
  m_PrefabInternal: {fileID: 100100000}
  serializedVersion: 5
  m_Component:
  - component: {fileID: 4387273080184736}
  - component: {fileID: 33488272427493120}
  - component: {fileID: 64639112228484790}
  - component: {fileID: 114127560120904844}
  m_Layer: 0
  m_Name: BoatTrigger-Dock
  m_TagString: Untagged
  m_Icon: {fileID: 0}
  m_NavMeshLayer: 0
  m_StaticEditorFlags: 0
  m_IsActive: 1
--- !u!1 &1829169840757292
GameObject:
  m_ObjectHideFlags: 1
  m_PrefabParentObject: {fileID: 0}
  m_PrefabInternal: {fileID: 100100000}
  serializedVersion: 5
  m_Component:
  - component: {fileID: 4478445145097312}
  - component: {fileID: 33869368036940774}
  - component: {fileID: 64477636756535030}
  m_Layer: 0
  m_Name: wakaCol1_M
  m_TagString: Untagged
  m_Icon: {fileID: 0}
  m_NavMeshLayer: 0
  m_StaticEditorFlags: 0
  m_IsActive: 1
--- !u!1 &1835542217245962
GameObject:
  m_ObjectHideFlags: 1
  m_PrefabParentObject: {fileID: 0}
  m_PrefabInternal: {fileID: 100100000}
  serializedVersion: 5
  m_Component:
  - component: {fileID: 4666204478595744}
  - component: {fileID: 33813099340069852}
  - component: {fileID: 64399412373144214}
  m_Layer: 0
  m_Name: wakaCol1_M
  m_TagString: Untagged
  m_Icon: {fileID: 0}
  m_NavMeshLayer: 0
  m_StaticEditorFlags: 0
  m_IsActive: 1
--- !u!1 &1843371289683746
GameObject:
  m_ObjectHideFlags: 1
  m_PrefabParentObject: {fileID: 0}
  m_PrefabInternal: {fileID: 100100000}
  serializedVersion: 5
  m_Component:
  - component: {fileID: 4495764105619812}
  - component: {fileID: 33044217162001148}
  - component: {fileID: 23904191972368898}
  m_Layer: 0
  m_Name: waka_m_v2
  m_TagString: Untagged
  m_Icon: {fileID: 0}
  m_NavMeshLayer: 0
  m_StaticEditorFlags: 0
  m_IsActive: 1
--- !u!1 &1980770408749200
GameObject:
  m_ObjectHideFlags: 0
  m_PrefabParentObject: {fileID: 0}
  m_PrefabInternal: {fileID: 100100000}
  serializedVersion: 5
  m_Component:
  - component: {fileID: 4999092860776626}
  m_Layer: 0
  m_Name: playerSpawnerCollectible
  m_TagString: Untagged
  m_Icon: {fileID: 0}
  m_NavMeshLayer: 0
  m_StaticEditorFlags: 0
  m_IsActive: 1
--- !u!4 &4016004712207774
Transform:
  m_ObjectHideFlags: 1
  m_PrefabParentObject: {fileID: 0}
  m_PrefabInternal: {fileID: 100100000}
  m_GameObject: {fileID: 1474806501064324}
  m_LocalRotation: {x: 0.6178808, y: 0.61972684, z: 0.3439439, w: 0.3403888}
  m_LocalPosition: {x: 9.4277935, y: -17.917019, z: 20.276236}
  m_LocalScale: {x: 3.6527452, y: 2.6975796, z: 6.173787}
  m_Children: []
  m_Father: {fileID: 4731017704425460}
  m_RootOrder: 4
  m_LocalEulerAnglesHint: {x: 0, y: 0, z: 0}
--- !u!4 &4084006161533876
Transform:
  m_ObjectHideFlags: 1
  m_PrefabParentObject: {fileID: 0}
  m_PrefabInternal: {fileID: 100100000}
  m_GameObject: {fileID: 1497048171269758}
  m_LocalRotation: {x: -0, y: -0, z: -0, w: 1}
  m_LocalPosition: {x: -8.89, y: -0.32779312, z: -1.66}
  m_LocalScale: {x: 1, y: 1, z: 1}
  m_Children: []
  m_Father: {fileID: 4950540014476444}
  m_RootOrder: 3
  m_LocalEulerAnglesHint: {x: 0, y: 0, z: 0}
--- !u!4 &4145308398134762
Transform:
  m_ObjectHideFlags: 1
  m_PrefabParentObject: {fileID: 0}
  m_PrefabInternal: {fileID: 100100000}
  m_GameObject: {fileID: 1625360371999618}
  m_LocalRotation: {x: 0.6178808, y: 0.61972684, z: 0.3439439, w: 0.3403888}
  m_LocalPosition: {x: 9.4277935, y: -17.917019, z: 20.276236}
  m_LocalScale: {x: 3.6527452, y: 2.6975796, z: 6.173787}
  m_Children: []
  m_Father: {fileID: 4930610451493746}
  m_RootOrder: 4
  m_LocalEulerAnglesHint: {x: 0, y: 0, z: 0}
--- !u!4 &4387273080184736
Transform:
  m_ObjectHideFlags: 1
  m_PrefabParentObject: {fileID: 0}
  m_PrefabInternal: {fileID: 100100000}
  m_GameObject: {fileID: 1786014392338170}
  m_LocalRotation: {x: -0, y: 0.28953528, z: -0, w: 0.9571674}
  m_LocalPosition: {x: -8.250341, y: 0.31120682, z: -1.3674927}
  m_LocalScale: {x: 5.911097, y: 3.8420901, z: 30.280767}
  m_Children: []
  m_Father: {fileID: 4950540014476444}
  m_RootOrder: 0
  m_LocalEulerAnglesHint: {x: 0, y: 33.66, z: 0}
--- !u!4 &4478445145097312
Transform:
  m_ObjectHideFlags: 1
  m_PrefabParentObject: {fileID: 0}
  m_PrefabInternal: {fileID: 100100000}
  m_GameObject: {fileID: 1829169840757292}
  m_LocalRotation: {x: 0.20506316, y: 0.20390475, z: 0.678809, w: 0.6749743}
  m_LocalPosition: {x: 102.52843, y: -17.144108, z: -86.11597}
  m_LocalScale: {x: 3.6527452, y: 2.6975796, z: 2.6975796}
  m_Children: []
  m_Father: {fileID: 4731017704425460}
  m_RootOrder: 1
  m_LocalEulerAnglesHint: {x: 0, y: 0, z: 0}
--- !u!4 &4495764105619812
Transform:
  m_ObjectHideFlags: 1
  m_PrefabParentObject: {fileID: 0}
  m_PrefabInternal: {fileID: 100100000}
  m_GameObject: {fileID: 1843371289683746}
  m_LocalRotation: {x: -0.7013139, y: -0.09032645, z: -0.09032645, w: 0.7013139}
  m_LocalPosition: {x: -0, y: -73.23286, z: 4.5474735e-13}
  m_LocalScale: {x: 1, y: 1, z: 1}
  m_Children: []
  m_Father: {fileID: 4930610451493746}
  m_RootOrder: 0
  m_LocalEulerAnglesHint: {x: 0, y: 0, z: 0}
--- !u!4 &4576309339660224
Transform:
  m_ObjectHideFlags: 1
  m_PrefabParentObject: {fileID: 0}
  m_PrefabInternal: {fileID: 100100000}
  m_GameObject: {fileID: 1098316697192724}
  m_LocalRotation: {x: 0.67613244, y: 0.6799604, z: -0.20003141, w: -0.20121168}
  m_LocalPosition: {x: -87.0425, y: -18.348959, z: 12.890544}
  m_LocalScale: {x: 3.6527452, y: 2.6975796, z: 2.6975796}
  m_Children: []
  m_Father: {fileID: 4731017704425460}
  m_RootOrder: 3
  m_LocalEulerAnglesHint: {x: 0, y: 0, z: 0}
--- !u!4 &4607089024535558
Transform:
  m_ObjectHideFlags: 1
  m_PrefabParentObject: {fileID: 0}
  m_PrefabInternal: {fileID: 100100000}
  m_GameObject: {fileID: 1753971283078782}
  m_LocalRotation: {x: -0.3474061, y: -0.35098195, z: 0.61576813, w: 0.61396277}
  m_LocalPosition: {x: -27.683691, y: -17.906675, z: -38.84007}
  m_LocalScale: {x: 3.6527452, y: 2.6975796, z: 6.173787}
  m_Children: []
  m_Father: {fileID: 4930610451493746}
  m_RootOrder: 2
  m_LocalEulerAnglesHint: {x: 0, y: 0, z: 0}
--- !u!4 &4666204478595744
Transform:
  m_ObjectHideFlags: 1
  m_PrefabParentObject: {fileID: 0}
  m_PrefabInternal: {fileID: 100100000}
  m_GameObject: {fileID: 1835542217245962}
  m_LocalRotation: {x: 0.20506316, y: 0.20390475, z: 0.678809, w: 0.6749743}
  m_LocalPosition: {x: 102.52843, y: -17.144108, z: -86.11597}
  m_LocalScale: {x: 3.6527452, y: 2.6975796, z: 2.6975796}
  m_Children: []
  m_Father: {fileID: 4930610451493746}
  m_RootOrder: 1
  m_LocalEulerAnglesHint: {x: 0, y: 0, z: 0}
--- !u!4 &4731017704425460
Transform:
  m_ObjectHideFlags: 1
  m_PrefabParentObject: {fileID: 0}
  m_PrefabInternal: {fileID: 100100000}
  m_GameObject: {fileID: 1208827936099720}
  m_LocalRotation: {x: -0, y: -0, z: -0, w: 1}
  m_LocalPosition: {x: -6.246546, y: -0.07653856, z: 2.530262}
  m_LocalScale: {x: 0.01, y: 0.01, z: 0.01}
  m_Children:
  - {fileID: 4931767821364594}
  - {fileID: 4478445145097312}
  - {fileID: 4861614648448894}
  - {fileID: 4576309339660224}
  - {fileID: 4016004712207774}
  m_Father: {fileID: 4950540014476444}
  m_RootOrder: 4
  m_LocalEulerAnglesHint: {x: 0, y: 0, z: 0}
--- !u!4 &4789235496754980
Transform:
  m_ObjectHideFlags: 1
  m_PrefabParentObject: {fileID: 0}
  m_PrefabInternal: {fileID: 100100000}
  m_GameObject: {fileID: 1114446963739874}
  m_LocalRotation: {x: 0.67613244, y: 0.6799604, z: -0.20003141, w: -0.20121168}
  m_LocalPosition: {x: -87.0425, y: -18.348959, z: 12.890544}
  m_LocalScale: {x: 3.6527452, y: 2.6975796, z: 2.6975796}
  m_Children: []
  m_Father: {fileID: 4930610451493746}
  m_RootOrder: 3
  m_LocalEulerAnglesHint: {x: 0, y: 0, z: 0}
--- !u!4 &4861614648448894
Transform:
  m_ObjectHideFlags: 1
  m_PrefabParentObject: {fileID: 0}
  m_PrefabInternal: {fileID: 100100000}
  m_GameObject: {fileID: 1098403271109352}
  m_LocalRotation: {x: -0.3474061, y: -0.35098195, z: 0.61576813, w: 0.61396277}
  m_LocalPosition: {x: -27.683691, y: -17.906675, z: -38.84007}
  m_LocalScale: {x: 3.6527452, y: 2.6975796, z: 6.173787}
  m_Children: []
  m_Father: {fileID: 4731017704425460}
  m_RootOrder: 2
  m_LocalEulerAnglesHint: {x: 0, y: 0, z: 0}
--- !u!4 &4930610451493746
Transform:
  m_ObjectHideFlags: 1
  m_PrefabParentObject: {fileID: 0}
  m_PrefabInternal: {fileID: 100100000}
  m_GameObject: {fileID: 1341277739355026}
  m_LocalRotation: {x: -0, y: 0.114631064, z: -0, w: 0.99340814}
  m_LocalPosition: {x: 27.949657, y: -0.07653856, z: -7.957493}
  m_LocalScale: {x: 0.009999998, y: 0.01, z: 0.009999998}
  m_Children:
  - {fileID: 4495764105619812}
  - {fileID: 4666204478595744}
  - {fileID: 4607089024535558}
  - {fileID: 4789235496754980}
  - {fileID: 4145308398134762}
  m_Father: {fileID: 4950540014476444}
  m_RootOrder: 5
  m_LocalEulerAnglesHint: {x: 0, y: 13.165001, z: 0}
--- !u!4 &4931767821364594
Transform:
  m_ObjectHideFlags: 1
  m_PrefabParentObject: {fileID: 0}
  m_PrefabInternal: {fileID: 100100000}
  m_GameObject: {fileID: 1405389042923282}
  m_LocalRotation: {x: -0.7013139, y: -0.09032645, z: -0.09032645, w: 0.7013139}
  m_LocalPosition: {x: -0, y: -73.23286, z: 4.5474735e-13}
  m_LocalScale: {x: 1, y: 1, z: 1}
  m_Children: []
  m_Father: {fileID: 4731017704425460}
  m_RootOrder: 0
  m_LocalEulerAnglesHint: {x: 0, y: 0, z: 0}
--- !u!4 &4949279297012378
Transform:
  m_ObjectHideFlags: 1
  m_PrefabParentObject: {fileID: 0}
  m_PrefabInternal: {fileID: 100100000}
  m_GameObject: {fileID: 1520589151968506}
  m_LocalRotation: {x: -0, y: 0.4200292, z: -0, w: 0.90751064}
  m_LocalPosition: {x: 23.899658, y: -0.4187932, z: -11.507493}
  m_LocalScale: {x: 1.3800004, y: 1.3799999, z: 1.3800004}
  m_Children: []
  m_Father: {fileID: 4950540014476444}
  m_RootOrder: 1
  m_LocalEulerAnglesHint: {x: 0, y: 49.673004, z: 0}
--- !u!4 &4950540014476444
Transform:
  m_ObjectHideFlags: 1
  m_PrefabParentObject: {fileID: 0}
  m_PrefabInternal: {fileID: 100100000}
  m_GameObject: {fileID: 1294745402487266}
  m_LocalRotation: {x: 0, y: 0, z: 0, w: 1}
  m_LocalPosition: {x: 37.47034, y: -4.811207, z: 26.567493}
  m_LocalScale: {x: 1, y: 1, z: 1}
  m_Children:
  - {fileID: 4387273080184736}
  - {fileID: 4949279297012378}
  - {fileID: 4999092860776626}
  - {fileID: 4084006161533876}
  - {fileID: 4731017704425460}
  - {fileID: 4930610451493746}
  m_Father: {fileID: 0}
  m_RootOrder: 0
  m_LocalEulerAnglesHint: {x: 0, y: 0, z: 0}
--- !u!4 &4999092860776626
Transform:
  m_ObjectHideFlags: 1
  m_PrefabParentObject: {fileID: 0}
  m_PrefabInternal: {fileID: 100100000}
  m_GameObject: {fileID: 1980770408749200}
  m_LocalRotation: {x: -0, y: -0, z: -0, w: 1}
  m_LocalPosition: {x: 25.93, y: -0.32779312, z: -11.63}
  m_LocalScale: {x: 1, y: 1, z: 1}
  m_Children: []
  m_Father: {fileID: 4950540014476444}
  m_RootOrder: 2
  m_LocalEulerAnglesHint: {x: 0, y: 0, z: 0}
--- !u!23 &23861617919937908
MeshRenderer:
  m_ObjectHideFlags: 1
  m_PrefabParentObject: {fileID: 0}
  m_PrefabInternal: {fileID: 100100000}
  m_GameObject: {fileID: 1405389042923282}
  m_Enabled: 1
  m_CastShadows: 1
  m_ReceiveShadows: 1
  m_DynamicOccludee: 1
  m_MotionVectors: 1
  m_LightProbeUsage: 0
  m_ReflectionProbeUsage: 1
  m_Materials:
  - {fileID: 2100000, guid: 4942235d0e7442848a3bb751fdc7e0f3, type: 2}
  - {fileID: 2100000, guid: 53e5b685155d379498f06326da13ac61, type: 2}
  m_StaticBatchInfo:
    firstSubMesh: 0
    subMeshCount: 0
  m_StaticBatchRoot: {fileID: 0}
  m_ProbeAnchor: {fileID: 0}
  m_LightProbeVolumeOverride: {fileID: 0}
  m_ScaleInLightmap: 1
  m_PreserveUVs: 0
  m_IgnoreNormalsForChartDetection: 0
  m_ImportantGI: 0
  m_StitchLightmapSeams: 0
  m_SelectedEditorRenderState: 3
  m_MinimumChartSize: 4
  m_AutoUVMaxDistance: 0.5
  m_AutoUVMaxAngle: 89
  m_LightmapParameters: {fileID: 0}
  m_SortingLayerID: 0
  m_SortingLayer: 0
  m_SortingOrder: 0
--- !u!23 &23904191972368898
MeshRenderer:
  m_ObjectHideFlags: 1
  m_PrefabParentObject: {fileID: 0}
  m_PrefabInternal: {fileID: 100100000}
  m_GameObject: {fileID: 1843371289683746}
  m_Enabled: 1
  m_CastShadows: 1
  m_ReceiveShadows: 1
  m_DynamicOccludee: 1
  m_MotionVectors: 1
  m_LightProbeUsage: 0
  m_ReflectionProbeUsage: 1
  m_Materials:
  - {fileID: 2100000, guid: 4942235d0e7442848a3bb751fdc7e0f3, type: 2}
  - {fileID: 2100000, guid: 53e5b685155d379498f06326da13ac61, type: 2}
  m_StaticBatchInfo:
    firstSubMesh: 0
    subMeshCount: 0
  m_StaticBatchRoot: {fileID: 0}
  m_ProbeAnchor: {fileID: 0}
  m_LightProbeVolumeOverride: {fileID: 0}
  m_ScaleInLightmap: 1
  m_PreserveUVs: 0
  m_IgnoreNormalsForChartDetection: 0
  m_ImportantGI: 0
  m_StitchLightmapSeams: 0
  m_SelectedEditorRenderState: 3
  m_MinimumChartSize: 4
  m_AutoUVMaxDistance: 0.5
  m_AutoUVMaxAngle: 89
  m_LightmapParameters: {fileID: 0}
  m_SortingLayerID: 0
  m_SortingLayer: 0
  m_SortingOrder: 0
--- !u!33 &33044217162001148
MeshFilter:
  m_ObjectHideFlags: 1
  m_PrefabParentObject: {fileID: 0}
  m_PrefabInternal: {fileID: 100100000}
  m_GameObject: {fileID: 1843371289683746}
  m_Mesh: {fileID: 4300000, guid: a86370c998a109b41bd8c2d88c44980d, type: 3}
--- !u!33 &33101125943078116
MeshFilter:
  m_ObjectHideFlags: 1
  m_PrefabParentObject: {fileID: 0}
  m_PrefabInternal: {fileID: 100100000}
  m_GameObject: {fileID: 1098403271109352}
  m_Mesh: {fileID: 4300006, guid: a86370c998a109b41bd8c2d88c44980d, type: 3}
--- !u!33 &33215774481913218
MeshFilter:
  m_ObjectHideFlags: 1
  m_PrefabParentObject: {fileID: 0}
  m_PrefabInternal: {fileID: 100100000}
  m_GameObject: {fileID: 1474806501064324}
  m_Mesh: {fileID: 4300008, guid: a86370c998a109b41bd8c2d88c44980d, type: 3}
--- !u!33 &33353535716410094
MeshFilter:
  m_ObjectHideFlags: 1
  m_PrefabParentObject: {fileID: 0}
  m_PrefabInternal: {fileID: 100100000}
  m_GameObject: {fileID: 1625360371999618}
  m_Mesh: {fileID: 4300008, guid: a86370c998a109b41bd8c2d88c44980d, type: 3}
--- !u!33 &33472068512703056
MeshFilter:
  m_ObjectHideFlags: 1
  m_PrefabParentObject: {fileID: 0}
  m_PrefabInternal: {fileID: 100100000}
  m_GameObject: {fileID: 1405389042923282}
  m_Mesh: {fileID: 4300000, guid: a86370c998a109b41bd8c2d88c44980d, type: 3}
--- !u!33 &33483578922191622
MeshFilter:
  m_ObjectHideFlags: 1
  m_PrefabParentObject: {fileID: 0}
  m_PrefabInternal: {fileID: 100100000}
  m_GameObject: {fileID: 1753971283078782}
  m_Mesh: {fileID: 4300006, guid: a86370c998a109b41bd8c2d88c44980d, type: 3}
--- !u!33 &33488272427493120
MeshFilter:
  m_ObjectHideFlags: 1
  m_PrefabParentObject: {fileID: 0}
  m_PrefabInternal: {fileID: 100100000}
  m_GameObject: {fileID: 1786014392338170}
  m_Mesh: {fileID: 10210, guid: 0000000000000000e000000000000000, type: 0}
--- !u!33 &33575846543895330
MeshFilter:
  m_ObjectHideFlags: 1
  m_PrefabParentObject: {fileID: 0}
  m_PrefabInternal: {fileID: 100100000}
  m_GameObject: {fileID: 1520589151968506}
  m_Mesh: {fileID: 10202, guid: 0000000000000000e000000000000000, type: 0}
--- !u!33 &33632866034727026
MeshFilter:
  m_ObjectHideFlags: 1
  m_PrefabParentObject: {fileID: 0}
  m_PrefabInternal: {fileID: 100100000}
  m_GameObject: {fileID: 1098316697192724}
  m_Mesh: {fileID: 4300002, guid: a86370c998a109b41bd8c2d88c44980d, type: 3}
--- !u!33 &33813099340069852
MeshFilter:
  m_ObjectHideFlags: 1
  m_PrefabParentObject: {fileID: 0}
  m_PrefabInternal: {fileID: 100100000}
  m_GameObject: {fileID: 1835542217245962}
  m_Mesh: {fileID: 4300004, guid: a86370c998a109b41bd8c2d88c44980d, type: 3}
--- !u!33 &33869368036940774
MeshFilter:
  m_ObjectHideFlags: 1
  m_PrefabParentObject: {fileID: 0}
  m_PrefabInternal: {fileID: 100100000}
  m_GameObject: {fileID: 1829169840757292}
  m_Mesh: {fileID: 4300004, guid: a86370c998a109b41bd8c2d88c44980d, type: 3}
--- !u!33 &33902762903383260
MeshFilter:
  m_ObjectHideFlags: 1
  m_PrefabParentObject: {fileID: 0}
  m_PrefabInternal: {fileID: 100100000}
  m_GameObject: {fileID: 1114446963739874}
  m_Mesh: {fileID: 4300002, guid: a86370c998a109b41bd8c2d88c44980d, type: 3}
--- !u!64 &64265971481959420
MeshCollider:
  m_ObjectHideFlags: 1
  m_PrefabParentObject: {fileID: 0}
  m_PrefabInternal: {fileID: 100100000}
  m_GameObject: {fileID: 1114446963739874}
  m_Material: {fileID: 0}
  m_IsTrigger: 0
  m_Enabled: 1
  serializedVersion: 2
  m_Convex: 0
  m_InflateMesh: 0
  m_SkinWidth: 0.01
  m_Mesh: {fileID: 4300002, guid: a86370c998a109b41bd8c2d88c44980d, type: 3}
--- !u!64 &64275315004295564
MeshCollider:
  m_ObjectHideFlags: 1
  m_PrefabParentObject: {fileID: 0}
  m_PrefabInternal: {fileID: 100100000}
  m_GameObject: {fileID: 1625360371999618}
  m_Material: {fileID: 0}
  m_IsTrigger: 0
  m_Enabled: 1
  serializedVersion: 2
  m_Convex: 0
  m_InflateMesh: 0
  m_SkinWidth: 0.01
  m_Mesh: {fileID: 4300008, guid: a86370c998a109b41bd8c2d88c44980d, type: 3}
--- !u!64 &64399412373144214
MeshCollider:
  m_ObjectHideFlags: 1
  m_PrefabParentObject: {fileID: 0}
  m_PrefabInternal: {fileID: 100100000}
  m_GameObject: {fileID: 1835542217245962}
  m_Material: {fileID: 0}
  m_IsTrigger: 0
  m_Enabled: 1
  serializedVersion: 2
  m_Convex: 0
  m_InflateMesh: 0
  m_SkinWidth: 0.01
  m_Mesh: {fileID: 4300004, guid: a86370c998a109b41bd8c2d88c44980d, type: 3}
--- !u!64 &64477636756535030
MeshCollider:
  m_ObjectHideFlags: 1
  m_PrefabParentObject: {fileID: 0}
  m_PrefabInternal: {fileID: 100100000}
  m_GameObject: {fileID: 1829169840757292}
  m_Material: {fileID: 0}
  m_IsTrigger: 0
  m_Enabled: 1
  serializedVersion: 2
  m_Convex: 0
  m_InflateMesh: 0
  m_SkinWidth: 0.01
  m_Mesh: {fileID: 4300004, guid: a86370c998a109b41bd8c2d88c44980d, type: 3}
--- !u!64 &64495144778785722
MeshCollider:
  m_ObjectHideFlags: 1
  m_PrefabParentObject: {fileID: 0}
  m_PrefabInternal: {fileID: 100100000}
  m_GameObject: {fileID: 1474806501064324}
  m_Material: {fileID: 0}
  m_IsTrigger: 0
  m_Enabled: 1
  serializedVersion: 2
  m_Convex: 0
  m_InflateMesh: 0
  m_SkinWidth: 0.01
  m_Mesh: {fileID: 4300008, guid: a86370c998a109b41bd8c2d88c44980d, type: 3}
--- !u!64 &64639112228484790
MeshCollider:
  m_ObjectHideFlags: 1
  m_PrefabParentObject: {fileID: 0}
  m_PrefabInternal: {fileID: 100100000}
  m_GameObject: {fileID: 1786014392338170}
  m_Material: {fileID: 0}
  m_IsTrigger: 1
  m_Enabled: 1
  serializedVersion: 2
  m_Convex: 1
  m_InflateMesh: 0
  m_SkinWidth: 0.01
  m_Mesh: {fileID: 10210, guid: 0000000000000000e000000000000000, type: 0}
--- !u!64 &64643300080187564
MeshCollider:
  m_ObjectHideFlags: 1
  m_PrefabParentObject: {fileID: 0}
  m_PrefabInternal: {fileID: 100100000}
  m_GameObject: {fileID: 1098316697192724}
  m_Material: {fileID: 0}
  m_IsTrigger: 0
  m_Enabled: 1
  serializedVersion: 2
  m_Convex: 0
  m_InflateMesh: 0
  m_SkinWidth: 0.01
  m_Mesh: {fileID: 4300002, guid: a86370c998a109b41bd8c2d88c44980d, type: 3}
--- !u!64 &64813906415066488
MeshCollider:
  m_ObjectHideFlags: 1
  m_PrefabParentObject: {fileID: 0}
  m_PrefabInternal: {fileID: 100100000}
  m_GameObject: {fileID: 1753971283078782}
  m_Material: {fileID: 0}
  m_IsTrigger: 0
  m_Enabled: 1
  serializedVersion: 2
  m_Convex: 0
  m_InflateMesh: 0
  m_SkinWidth: 0.01
  m_Mesh: {fileID: 4300006, guid: a86370c998a109b41bd8c2d88c44980d, type: 3}
--- !u!64 &64949284999038684
MeshCollider:
  m_ObjectHideFlags: 1
  m_PrefabParentObject: {fileID: 0}
  m_PrefabInternal: {fileID: 100100000}
  m_GameObject: {fileID: 1098403271109352}
  m_Material: {fileID: 0}
  m_IsTrigger: 0
  m_Enabled: 1
  serializedVersion: 2
  m_Convex: 0
  m_InflateMesh: 0
  m_SkinWidth: 0.01
  m_Mesh: {fileID: 4300006, guid: a86370c998a109b41bd8c2d88c44980d, type: 3}
--- !u!65 &65651038498176704
BoxCollider:
  m_ObjectHideFlags: 1
  m_PrefabParentObject: {fileID: 0}
  m_PrefabInternal: {fileID: 100100000}
  m_GameObject: {fileID: 1520589151968506}
  m_Material: {fileID: 0}
  m_IsTrigger: 1
  m_Enabled: 1
  serializedVersion: 2
  m_Size: {x: 1, y: 1, z: 1}
  m_Center: {x: 0, y: 0, z: 0}
--- !u!114 &114127560120904844
MonoBehaviour:
  m_ObjectHideFlags: 1
  m_PrefabParentObject: {fileID: 0}
  m_PrefabInternal: {fileID: 100100000}
  m_GameObject: {fileID: 1786014392338170}
  m_Enabled: 1
  m_EditorHideFlags: 0
  m_Script: {fileID: 11500000, guid: 618924f27b30b9a4083795a37f9f50e6, type: 3}
  m_Name: 
  m_EditorClassIdentifier: 
  _boatCutSceneManagerRef: {fileID: 114199526920945350}
  CutSceneInitialTime: 0
  CutSceneStopTime: 19.56
  teleportPos: {fileID: 1980770408749200}
--- !u!114 &114199526920945350
MonoBehaviour:
  m_ObjectHideFlags: 1
  m_PrefabParentObject: {fileID: 0}
  m_PrefabInternal: {fileID: 100100000}
  m_GameObject: {fileID: 1294745402487266}
  m_Enabled: 1
  m_EditorHideFlags: 0
  m_Script: {fileID: 11500000, guid: 6d226de8681baa74297735c4d89382e2, type: 3}
  m_Name: 
  m_EditorClassIdentifier: 
  boatsPlaceHolder:
  - {fileID: 1208827936099720}
  - {fileID: 1341277739355026}
  boatTimeline: {fileID: 0}
  fireball: {fileID: 0}
  cinematicTrigger: 0
--- !u!114 &114844691939430632
MonoBehaviour:
  m_ObjectHideFlags: 1
  m_PrefabParentObject: {fileID: 0}
  m_PrefabInternal: {fileID: 100100000}
  m_GameObject: {fileID: 1520589151968506}
  m_Enabled: 1
  m_EditorHideFlags: 0
  m_Script: {fileID: 11500000, guid: 618924f27b30b9a4083795a37f9f50e6, type: 3}
  m_Name: 
  m_EditorClassIdentifier: 
  _boatCutSceneManagerRef: {fileID: 114199526920945350}
  CutSceneInitialTime: 21
  CutSceneStopTime: 36
  teleportPos: {fileID: 1497048171269758}
