%YAML 1.1
%TAG !u! tag:unity3d.com,2011:
--- !u!1001 &100100000
Prefab:
  m_ObjectHideFlags: 1
  serializedVersion: 2
  m_Modification:
    m_TransformParent: {fileID: 0}
    m_Modifications: []
    m_RemovedComponents: []
  m_ParentPrefab: {fileID: 0}
  m_RootGameObject: {fileID: 1187167197841736}
  m_IsPrefabParent: 1
--- !u!1 &1002419534449810
GameObject:
  m_ObjectHideFlags: 1
  m_PrefabParentObject: {fileID: 0}
  m_PrefabInternal: {fileID: 100100000}
  serializedVersion: 5
  m_Component:
  - component: {fileID: 4174192398198084}
  m_Layer: 0
  m_Name: BipCass R Foot
  m_TagString: Untagged
  m_Icon: {fileID: 0}
  m_NavMeshLayer: 0
  m_StaticEditorFlags: 0
  m_IsActive: 1
--- !u!1 &1014514253824404
GameObject:
  m_ObjectHideFlags: 1
  m_PrefabParentObject: {fileID: 0}
  m_PrefabInternal: {fileID: 100100000}
  serializedVersion: 5
  m_Component:
  - component: {fileID: 4701298611344278}
  m_Layer: 0
  m_Name: Cass_bone_jaw_e
  m_TagString: Untagged
  m_Icon: {fileID: 0}
  m_NavMeshLayer: 0
  m_StaticEditorFlags: 0
  m_IsActive: 1
--- !u!1 &1020004376784086
GameObject:
  m_ObjectHideFlags: 1
  m_PrefabParentObject: {fileID: 0}
  m_PrefabInternal: {fileID: 100100000}
  serializedVersion: 5
  m_Component:
  - component: {fileID: 4555329550762296}
  m_Layer: 0
  m_Name: BipCass R Toe0Nub
  m_TagString: Untagged
  m_Icon: {fileID: 0}
  m_NavMeshLayer: 0
  m_StaticEditorFlags: 0
  m_IsActive: 1
--- !u!1 &1029954372767158
GameObject:
  m_ObjectHideFlags: 1
  m_PrefabParentObject: {fileID: 0}
  m_PrefabInternal: {fileID: 100100000}
  serializedVersion: 5
  m_Component:
  - component: {fileID: 4757257016488080}
  m_Layer: 0
  m_Name: BipCass R Finger01
  m_TagString: Untagged
  m_Icon: {fileID: 0}
  m_NavMeshLayer: 0
  m_StaticEditorFlags: 0
  m_IsActive: 1
--- !u!1 &1040131014119640
GameObject:
  m_ObjectHideFlags: 1
  m_PrefabParentObject: {fileID: 0}
  m_PrefabInternal: {fileID: 100100000}
  serializedVersion: 5
  m_Component:
  - component: {fileID: 4867310629414452}
  m_Layer: 0
  m_Name: BipCass L Finger3
  m_TagString: Untagged
  m_Icon: {fileID: 0}
  m_NavMeshLayer: 0
  m_StaticEditorFlags: 0
  m_IsActive: 1
--- !u!1 &1061178078569226
GameObject:
  m_ObjectHideFlags: 1
  m_PrefabParentObject: {fileID: 0}
  m_PrefabInternal: {fileID: 100100000}
  serializedVersion: 5
  m_Component:
  - component: {fileID: 4907383331849606}
  m_Layer: 0
  m_Name: BipCass L Finger4
  m_TagString: Untagged
  m_Icon: {fileID: 0}
  m_NavMeshLayer: 0
  m_StaticEditorFlags: 0
  m_IsActive: 1
--- !u!1 &1067794613455432
GameObject:
  m_ObjectHideFlags: 1
  m_PrefabParentObject: {fileID: 0}
  m_PrefabInternal: {fileID: 100100000}
  serializedVersion: 5
  m_Component:
  - component: {fileID: 4970560618835522}
  m_Layer: 0
  m_Name: BipCass R ForeTwist1
  m_TagString: Untagged
  m_Icon: {fileID: 0}
  m_NavMeshLayer: 0
  m_StaticEditorFlags: 0
  m_IsActive: 1
--- !u!1 &1082682829442840
GameObject:
  m_ObjectHideFlags: 1
  m_PrefabParentObject: {fileID: 0}
  m_PrefabInternal: {fileID: 100100000}
  serializedVersion: 5
  m_Component:
  - component: {fileID: 4712817309414082}
  m_Layer: 0
  m_Name: BipCass L Toe0
  m_TagString: Untagged
  m_Icon: {fileID: 0}
  m_NavMeshLayer: 0
  m_StaticEditorFlags: 0
  m_IsActive: 1
--- !u!1 &1099697351109190
GameObject:
  m_ObjectHideFlags: 1
  m_PrefabParentObject: {fileID: 0}
  m_PrefabInternal: {fileID: 100100000}
  serializedVersion: 5
  m_Component:
  - component: {fileID: 4632356680264440}
  m_Layer: 0
  m_Name: Cass_bone_eyer_e
  m_TagString: Untagged
  m_Icon: {fileID: 0}
  m_NavMeshLayer: 0
  m_StaticEditorFlags: 0
  m_IsActive: 1
--- !u!1 &1102358902251878
GameObject:
  m_ObjectHideFlags: 1
  m_PrefabParentObject: {fileID: 0}
  m_PrefabInternal: {fileID: 100100000}
  serializedVersion: 5
  m_Component:
  - component: {fileID: 4733188445892106}
  m_Layer: 0
  m_Name: BipCass R Finger4Nub
  m_TagString: Untagged
  m_Icon: {fileID: 0}
  m_NavMeshLayer: 0
  m_StaticEditorFlags: 0
  m_IsActive: 1
--- !u!1 &1103001158367538
GameObject:
  m_ObjectHideFlags: 1
  m_PrefabParentObject: {fileID: 0}
  m_PrefabInternal: {fileID: 100100000}
  serializedVersion: 5
  m_Component:
  - component: {fileID: 4138855535427072}
  m_Layer: 0
  m_Name: Cass_bone_browl_e
  m_TagString: Untagged
  m_Icon: {fileID: 0}
  m_NavMeshLayer: 0
  m_StaticEditorFlags: 0
  m_IsActive: 1
--- !u!1 &1124559567527044
GameObject:
  m_ObjectHideFlags: 1
  m_PrefabParentObject: {fileID: 0}
  m_PrefabInternal: {fileID: 100100000}
  serializedVersion: 5
  m_Component:
  - component: {fileID: 4213833765115032}
  m_Layer: 0
  m_Name: BipCass L Foot
  m_TagString: Untagged
  m_Icon: {fileID: 0}
  m_NavMeshLayer: 0
  m_StaticEditorFlags: 0
  m_IsActive: 1
--- !u!1 &1126413066511460
GameObject:
  m_ObjectHideFlags: 1
  m_PrefabParentObject: {fileID: 0}
  m_PrefabInternal: {fileID: 100100000}
  serializedVersion: 5
  m_Component:
  - component: {fileID: 4017157266137300}
  m_Layer: 0
  m_Name: BipCass L Toe0Nub
  m_TagString: Untagged
  m_Icon: {fileID: 0}
  m_NavMeshLayer: 0
  m_StaticEditorFlags: 0
  m_IsActive: 1
--- !u!1 &1130740039707052
GameObject:
  m_ObjectHideFlags: 1
  m_PrefabParentObject: {fileID: 0}
  m_PrefabInternal: {fileID: 100100000}
  serializedVersion: 5
  m_Component:
  - component: {fileID: 4178821377215710}
  m_Layer: 0
  m_Name: Cass_Bone__smile_e
  m_TagString: Untagged
  m_Icon: {fileID: 0}
  m_NavMeshLayer: 0
  m_StaticEditorFlags: 0
  m_IsActive: 1
--- !u!1 &1143991833267654
GameObject:
  m_ObjectHideFlags: 1
  m_PrefabParentObject: {fileID: 0}
  m_PrefabInternal: {fileID: 100100000}
  serializedVersion: 5
  m_Component:
  - component: {fileID: 4708355788951162}
  m_Layer: 0
  m_Name: BipCass L Finger21
  m_TagString: Untagged
  m_Icon: {fileID: 0}
  m_NavMeshLayer: 0
  m_StaticEditorFlags: 0
  m_IsActive: 1
--- !u!1 &1146857159104668
GameObject:
  m_ObjectHideFlags: 1
  m_PrefabParentObject: {fileID: 0}
  m_PrefabInternal: {fileID: 100100000}
  serializedVersion: 5
  m_Component:
  - component: {fileID: 4935104329860662}
  m_Layer: 0
  m_Name: BipCass L Hand
  m_TagString: Untagged
  m_Icon: {fileID: 0}
  m_NavMeshLayer: 0
  m_StaticEditorFlags: 0
  m_IsActive: 1
--- !u!1 &1187167197841736
GameObject:
  m_ObjectHideFlags: 0
  m_PrefabParentObject: {fileID: 0}
  m_PrefabInternal: {fileID: 100100000}
  serializedVersion: 5
  m_Component:
  - component: {fileID: 4629871222496122}
  - component: {fileID: 111782043206757212}
  - component: {fileID: 135359496931758286}
  m_Layer: 0
  m_Name: Cass
  m_TagString: Untagged
  m_Icon: {fileID: 0}
  m_NavMeshLayer: 0
  m_StaticEditorFlags: 0
  m_IsActive: 1
--- !u!1 &1221063043146010
GameObject:
  m_ObjectHideFlags: 1
  m_PrefabParentObject: {fileID: 0}
  m_PrefabInternal: {fileID: 100100000}
  serializedVersion: 5
  m_Component:
  - component: {fileID: 4798569016731678}
  m_Layer: 0
  m_Name: Cass_bone_browr
  m_TagString: Untagged
  m_Icon: {fileID: 0}
  m_NavMeshLayer: 0
  m_StaticEditorFlags: 0
  m_IsActive: 1
--- !u!1 &1221147392360264
GameObject:
  m_ObjectHideFlags: 1
  m_PrefabParentObject: {fileID: 0}
  m_PrefabInternal: {fileID: 100100000}
  serializedVersion: 5
  m_Component:
  - component: {fileID: 4741917240139252}
  m_Layer: 0
  m_Name: Cass facectrls
  m_TagString: Untagged
  m_Icon: {fileID: 0}
  m_NavMeshLayer: 0
  m_StaticEditorFlags: 0
  m_IsActive: 1
--- !u!1 &1243244983897070
GameObject:
  m_ObjectHideFlags: 1
  m_PrefabParentObject: {fileID: 0}
  m_PrefabInternal: {fileID: 100100000}
  serializedVersion: 5
  m_Component:
  - component: {fileID: 4838543623054590}
  m_Layer: 0
  m_Name: Cass_bone_eyel_e
  m_TagString: Untagged
  m_Icon: {fileID: 0}
  m_NavMeshLayer: 0
  m_StaticEditorFlags: 0
  m_IsActive: 1
--- !u!1 &1244499113595652
GameObject:
  m_ObjectHideFlags: 1
  m_PrefabParentObject: {fileID: 0}
  m_PrefabInternal: {fileID: 100100000}
  serializedVersion: 5
  m_Component:
  - component: {fileID: 4416487799384718}
  m_Layer: 0
  m_Name: BipCass L Finger2
  m_TagString: Untagged
  m_Icon: {fileID: 0}
  m_NavMeshLayer: 0
  m_StaticEditorFlags: 0
  m_IsActive: 1
--- !u!1 &1292156757182628
GameObject:
  m_ObjectHideFlags: 1
  m_PrefabParentObject: {fileID: 0}
  m_PrefabInternal: {fileID: 100100000}
  serializedVersion: 5
  m_Component:
  - component: {fileID: 4912145210592796}
  m_Layer: 0
  m_Name: BipCass L Finger01
  m_TagString: Untagged
  m_Icon: {fileID: 0}
  m_NavMeshLayer: 0
  m_StaticEditorFlags: 0
  m_IsActive: 1
--- !u!1 &1297000294981554
GameObject:
  m_ObjectHideFlags: 0
  m_PrefabParentObject: {fileID: 0}
  m_PrefabInternal: {fileID: 100100000}
  serializedVersion: 5
  m_Component:
  - component: {fileID: 4015837676112432}
  m_Layer: 0
  m_Name: BipCass
  m_TagString: Untagged
  m_Icon: {fileID: 0}
  m_NavMeshLayer: 0
  m_StaticEditorFlags: 0
  m_IsActive: 1
--- !u!1 &1354610628200722
GameObject:
  m_ObjectHideFlags: 1
  m_PrefabParentObject: {fileID: 0}
  m_PrefabInternal: {fileID: 100100000}
  serializedVersion: 5
  m_Component:
  - component: {fileID: 4644352403112894}
  m_Layer: 0
  m_Name: BipCass R Clavicle
  m_TagString: Untagged
  m_Icon: {fileID: 0}
  m_NavMeshLayer: 0
  m_StaticEditorFlags: 0
  m_IsActive: 1
--- !u!1 &1355513980617860
GameObject:
  m_ObjectHideFlags: 1
  m_PrefabParentObject: {fileID: 0}
  m_PrefabInternal: {fileID: 100100000}
  serializedVersion: 5
  m_Component:
  - component: {fileID: 4271300756873994}
  m_Layer: 0
  m_Name: BipCass R Thigh
  m_TagString: Untagged
  m_Icon: {fileID: 0}
  m_NavMeshLayer: 0
  m_StaticEditorFlags: 0
  m_IsActive: 1
--- !u!1 &1378605625637344
GameObject:
  m_ObjectHideFlags: 1
  m_PrefabParentObject: {fileID: 0}
  m_PrefabInternal: {fileID: 100100000}
  serializedVersion: 5
  m_Component:
  - component: {fileID: 4579639417654218}
  m_Layer: 0
  m_Name: BipCass R Toe0
  m_TagString: Untagged
  m_Icon: {fileID: 0}
  m_NavMeshLayer: 0
  m_StaticEditorFlags: 0
  m_IsActive: 1
--- !u!1 &1413874598961544
GameObject:
  m_ObjectHideFlags: 1
  m_PrefabParentObject: {fileID: 0}
  m_PrefabInternal: {fileID: 100100000}
  serializedVersion: 5
  m_Component:
  - component: {fileID: 4812625069392706}
  m_Layer: 0
  m_Name: BipCass L Forearm
  m_TagString: Untagged
  m_Icon: {fileID: 0}
  m_NavMeshLayer: 0
  m_StaticEditorFlags: 0
  m_IsActive: 1
--- !u!1 &1426590876457620
GameObject:
  m_ObjectHideFlags: 1
  m_PrefabParentObject: {fileID: 0}
  m_PrefabInternal: {fileID: 100100000}
  serializedVersion: 5
  m_Component:
  - component: {fileID: 4695922665954552}
  m_Layer: 0
  m_Name: BipCass R Finger31
  m_TagString: Untagged
  m_Icon: {fileID: 0}
  m_NavMeshLayer: 0
  m_StaticEditorFlags: 0
  m_IsActive: 1
--- !u!1 &1449873704577976
GameObject:
  m_ObjectHideFlags: 1
  m_PrefabParentObject: {fileID: 0}
  m_PrefabInternal: {fileID: 100100000}
  serializedVersion: 5
  m_Component:
  - component: {fileID: 4017290675417644}
  m_Layer: 0
  m_Name: BipCass L Thigh
  m_TagString: Untagged
  m_Icon: {fileID: 0}
  m_NavMeshLayer: 0
  m_StaticEditorFlags: 0
  m_IsActive: 1
--- !u!1 &1456589756964842
GameObject:
  m_ObjectHideFlags: 1
  m_PrefabParentObject: {fileID: 0}
  m_PrefabInternal: {fileID: 100100000}
  serializedVersion: 5
  m_Component:
  - component: {fileID: 4914091618770016}
  m_Layer: 0
  m_Name: BipCass L Finger1Nub
  m_TagString: Untagged
  m_Icon: {fileID: 0}
  m_NavMeshLayer: 0
  m_StaticEditorFlags: 0
  m_IsActive: 1
--- !u!1 &1456990017167908
GameObject:
  m_ObjectHideFlags: 1
  m_PrefabParentObject: {fileID: 0}
  m_PrefabInternal: {fileID: 100100000}
  serializedVersion: 5
  m_Component:
  - component: {fileID: 4049347389964590}
  m_Layer: 0
  m_Name: BipCass HeadNub
  m_TagString: Untagged
  m_Icon: {fileID: 0}
  m_NavMeshLayer: 0
  m_StaticEditorFlags: 0
  m_IsActive: 1
--- !u!1 &1493251259134624
GameObject:
  m_ObjectHideFlags: 1
  m_PrefabParentObject: {fileID: 0}
  m_PrefabInternal: {fileID: 100100000}
  serializedVersion: 5
  m_Component:
  - component: {fileID: 4628672727470242}
  m_Layer: 0
  m_Name: Cass_bone_eyel
  m_TagString: Untagged
  m_Icon: {fileID: 0}
  m_NavMeshLayer: 0
  m_StaticEditorFlags: 0
  m_IsActive: 1
--- !u!1 &1508154142206532
GameObject:
  m_ObjectHideFlags: 1
  m_PrefabParentObject: {fileID: 0}
  m_PrefabInternal: {fileID: 100100000}
  serializedVersion: 5
  m_Component:
  - component: {fileID: 4018345004653112}
  m_Layer: 0
  m_Name: Cass_bone_browr_e
  m_TagString: Untagged
  m_Icon: {fileID: 0}
  m_NavMeshLayer: 0
  m_StaticEditorFlags: 0
  m_IsActive: 1
--- !u!1 &1514828880229610
GameObject:
  m_ObjectHideFlags: 1
  m_PrefabParentObject: {fileID: 0}
  m_PrefabInternal: {fileID: 100100000}
  serializedVersion: 5
  m_Component:
  - component: {fileID: 4563367865273244}
  m_Layer: 0
  m_Name: Cass_Bone_smile
  m_TagString: Untagged
  m_Icon: {fileID: 0}
  m_NavMeshLayer: 0
  m_StaticEditorFlags: 0
  m_IsActive: 1
--- !u!1 &1546592213718438
GameObject:
  m_ObjectHideFlags: 1
  m_PrefabParentObject: {fileID: 0}
  m_PrefabInternal: {fileID: 100100000}
  serializedVersion: 5
  m_Component:
  - component: {fileID: 4140513919626126}
  m_Layer: 0
  m_Name: Cass_bone_browl
  m_TagString: Untagged
  m_Icon: {fileID: 0}
  m_NavMeshLayer: 0
  m_StaticEditorFlags: 0
  m_IsActive: 1
--- !u!1 &1548815252088992
GameObject:
  m_ObjectHideFlags: 1
  m_PrefabParentObject: {fileID: 0}
  m_PrefabInternal: {fileID: 100100000}
  serializedVersion: 5
  m_Component:
  - component: {fileID: 4649028747141450}
  m_Layer: 0
  m_Name: BipCass Head
  m_TagString: Untagged
  m_Icon: {fileID: 0}
  m_NavMeshLayer: 0
  m_StaticEditorFlags: 0
  m_IsActive: 1
--- !u!1 &1553991621423944
GameObject:
  m_ObjectHideFlags: 1
  m_PrefabParentObject: {fileID: 0}
  m_PrefabInternal: {fileID: 100100000}
  serializedVersion: 5
  m_Component:
  - component: {fileID: 4117272133823274}
  m_Layer: 0
  m_Name: BipCass R Finger1Nub
  m_TagString: Untagged
  m_Icon: {fileID: 0}
  m_NavMeshLayer: 0
  m_StaticEditorFlags: 0
  m_IsActive: 1
--- !u!1 &1560405323606708
GameObject:
  m_ObjectHideFlags: 1
  m_PrefabParentObject: {fileID: 0}
  m_PrefabInternal: {fileID: 100100000}
  serializedVersion: 5
  m_Component:
  - component: {fileID: 4554778811758848}
  m_Layer: 0
  m_Name: Cass_bone_lidr_e
  m_TagString: Untagged
  m_Icon: {fileID: 0}
  m_NavMeshLayer: 0
  m_StaticEditorFlags: 0
  m_IsActive: 1
--- !u!1 &1565208971742278
GameObject:
  m_ObjectHideFlags: 1
  m_PrefabParentObject: {fileID: 0}
  m_PrefabInternal: {fileID: 100100000}
  serializedVersion: 5
  m_Component:
  - component: {fileID: 4238529944880234}
  m_Layer: 0
  m_Name: BipCass L Finger4Nub
  m_TagString: Untagged
  m_Icon: {fileID: 0}
  m_NavMeshLayer: 0
  m_StaticEditorFlags: 0
  m_IsActive: 1
--- !u!1 &1573064250837114
GameObject:
  m_ObjectHideFlags: 1
  m_PrefabParentObject: {fileID: 0}
  m_PrefabInternal: {fileID: 100100000}
  serializedVersion: 5
  m_Component:
  - component: {fileID: 4844930057653630}
  m_Layer: 0
  m_Name: BipCass L Finger11
  m_TagString: Untagged
  m_Icon: {fileID: 0}
  m_NavMeshLayer: 0
  m_StaticEditorFlags: 0
  m_IsActive: 1
--- !u!1 &1592904762906156
GameObject:
  m_ObjectHideFlags: 1
  m_PrefabParentObject: {fileID: 0}
  m_PrefabInternal: {fileID: 100100000}
  serializedVersion: 5
  m_Component:
  - component: {fileID: 4459118277400520}
  m_Layer: 0
  m_Name: BipCass L Clavicle
  m_TagString: Untagged
  m_Icon: {fileID: 0}
  m_NavMeshLayer: 0
  m_StaticEditorFlags: 0
  m_IsActive: 1
--- !u!1 &1603725553672166
GameObject:
  m_ObjectHideFlags: 0
  m_PrefabParentObject: {fileID: 0}
  m_PrefabInternal: {fileID: 100100000}
  serializedVersion: 5
  m_Component:
  - component: {fileID: 4581330166483378}
  - component: {fileID: 137590253175504120}
  m_Layer: 0
  m_Name: cass
  m_TagString: Untagged
  m_Icon: {fileID: 0}
  m_NavMeshLayer: 0
  m_StaticEditorFlags: 0
  m_IsActive: 1
--- !u!1 &1612640943269892
GameObject:
  m_ObjectHideFlags: 1
  m_PrefabParentObject: {fileID: 0}
  m_PrefabInternal: {fileID: 100100000}
  serializedVersion: 5
  m_Component:
  - component: {fileID: 4629052730603806}
  m_Layer: 0
  m_Name: BipCass L Finger3Nub
  m_TagString: Untagged
  m_Icon: {fileID: 0}
  m_NavMeshLayer: 0
  m_StaticEditorFlags: 0
  m_IsActive: 1
--- !u!1 &1614831232408806
GameObject:
  m_ObjectHideFlags: 1
  m_PrefabParentObject: {fileID: 0}
  m_PrefabInternal: {fileID: 100100000}
  serializedVersion: 5
  m_Component:
  - component: {fileID: 4600845324051486}
  m_Layer: 0
  m_Name: BipCass R Finger3
  m_TagString: Untagged
  m_Icon: {fileID: 0}
  m_NavMeshLayer: 0
  m_StaticEditorFlags: 0
  m_IsActive: 1
--- !u!1 &1619165277310524
GameObject:
  m_ObjectHideFlags: 1
  m_PrefabParentObject: {fileID: 0}
  m_PrefabInternal: {fileID: 100100000}
  serializedVersion: 5
  m_Component:
  - component: {fileID: 4766671085554434}
  m_Layer: 0
  m_Name: BipCass L Finger41
  m_TagString: Untagged
  m_Icon: {fileID: 0}
  m_NavMeshLayer: 0
  m_StaticEditorFlags: 0
  m_IsActive: 1
--- !u!1 &1627466690646216
GameObject:
  m_ObjectHideFlags: 1
  m_PrefabParentObject: {fileID: 0}
  m_PrefabInternal: {fileID: 100100000}
  serializedVersion: 5
  m_Component:
  - component: {fileID: 4069223342585304}
  m_Layer: 0
  m_Name: BipCass R Finger4
  m_TagString: Untagged
  m_Icon: {fileID: 0}
  m_NavMeshLayer: 0
  m_StaticEditorFlags: 0
  m_IsActive: 1
--- !u!1 &1630031820781918
GameObject:
  m_ObjectHideFlags: 1
  m_PrefabParentObject: {fileID: 0}
  m_PrefabInternal: {fileID: 100100000}
  serializedVersion: 5
  m_Component:
  - component: {fileID: 4614015970404070}
  m_Layer: 0
  m_Name: BipCass R Finger1
  m_TagString: Untagged
  m_Icon: {fileID: 0}
  m_NavMeshLayer: 0
  m_StaticEditorFlags: 0
  m_IsActive: 1
--- !u!1 &1640264455747866
GameObject:
  m_ObjectHideFlags: 1
  m_PrefabParentObject: {fileID: 0}
  m_PrefabInternal: {fileID: 100100000}
  serializedVersion: 5
  m_Component:
  - component: {fileID: 4646696901184026}
  m_Layer: 0
  m_Name: BipCass R Finger2Nub
  m_TagString: Untagged
  m_Icon: {fileID: 0}
  m_NavMeshLayer: 0
  m_StaticEditorFlags: 0
  m_IsActive: 1
--- !u!1 &1646274922720242
GameObject:
  m_ObjectHideFlags: 1
  m_PrefabParentObject: {fileID: 0}
  m_PrefabInternal: {fileID: 100100000}
  serializedVersion: 5
  m_Component:
  - component: {fileID: 4450291625352780}
  m_Layer: 0
  m_Name: BipCass L Finger1
  m_TagString: Untagged
  m_Icon: {fileID: 0}
  m_NavMeshLayer: 0
  m_StaticEditorFlags: 0
  m_IsActive: 1
--- !u!1 &1648500834985564
GameObject:
  m_ObjectHideFlags: 1
  m_PrefabParentObject: {fileID: 0}
  m_PrefabInternal: {fileID: 100100000}
  serializedVersion: 5
  m_Component:
  - component: {fileID: 4797641957295826}
  m_Layer: 0
  m_Name: BipCass R Finger2
  m_TagString: Untagged
  m_Icon: {fileID: 0}
  m_NavMeshLayer: 0
  m_StaticEditorFlags: 0
  m_IsActive: 1
--- !u!1 &1658496501670484
GameObject:
  m_ObjectHideFlags: 1
  m_PrefabParentObject: {fileID: 0}
  m_PrefabInternal: {fileID: 100100000}
  serializedVersion: 5
  m_Component:
  - component: {fileID: 4534204289430850}
  m_Layer: 0
  m_Name: BipCass R ForeTwist
  m_TagString: Untagged
  m_Icon: {fileID: 0}
  m_NavMeshLayer: 0
  m_StaticEditorFlags: 0
  m_IsActive: 1
--- !u!1 &1669384213231960
GameObject:
  m_ObjectHideFlags: 1
  m_PrefabParentObject: {fileID: 0}
  m_PrefabInternal: {fileID: 100100000}
  serializedVersion: 5
  m_Component:
  - component: {fileID: 4195579851826188}
  m_Layer: 0
  m_Name: BipCass L Finger0Nub
  m_TagString: Untagged
  m_Icon: {fileID: 0}
  m_NavMeshLayer: 0
  m_StaticEditorFlags: 0
  m_IsActive: 1
--- !u!1 &1676872315102306
GameObject:
  m_ObjectHideFlags: 1
  m_PrefabParentObject: {fileID: 0}
  m_PrefabInternal: {fileID: 100100000}
  serializedVersion: 5
  m_Component:
  - component: {fileID: 4096435646354212}
  m_Layer: 0
  m_Name: BipCass Neck
  m_TagString: Untagged
  m_Icon: {fileID: 0}
  m_NavMeshLayer: 0
  m_StaticEditorFlags: 0
  m_IsActive: 1
--- !u!1 &1684002574037790
GameObject:
  m_ObjectHideFlags: 1
  m_PrefabParentObject: {fileID: 0}
  m_PrefabInternal: {fileID: 100100000}
  serializedVersion: 5
  m_Component:
  - component: {fileID: 4969836666226248}
  m_Layer: 0
  m_Name: Cass_bone_jaw_1
  m_TagString: Untagged
  m_Icon: {fileID: 0}
  m_NavMeshLayer: 0
  m_StaticEditorFlags: 0
  m_IsActive: 1
--- !u!1 &1684230259697568
GameObject:
  m_ObjectHideFlags: 1
  m_PrefabParentObject: {fileID: 0}
  m_PrefabInternal: {fileID: 100100000}
  serializedVersion: 5
  m_Component:
  - component: {fileID: 4592236487927420}
  m_Layer: 0
  m_Name: BipCass L Calf
  m_TagString: Untagged
  m_Icon: {fileID: 0}
  m_NavMeshLayer: 0
  m_StaticEditorFlags: 0
  m_IsActive: 1
--- !u!1 &1713396523928134
GameObject:
  m_ObjectHideFlags: 1
  m_PrefabParentObject: {fileID: 0}
  m_PrefabInternal: {fileID: 100100000}
  serializedVersion: 5
  m_Component:
  - component: {fileID: 4099818386819036}
  m_Layer: 0
  m_Name: BipCass L Finger31
  m_TagString: Untagged
  m_Icon: {fileID: 0}
  m_NavMeshLayer: 0
  m_StaticEditorFlags: 0
  m_IsActive: 1
--- !u!1 &1727619223166378
GameObject:
  m_ObjectHideFlags: 1
  m_PrefabParentObject: {fileID: 0}
  m_PrefabInternal: {fileID: 100100000}
  serializedVersion: 5
  m_Component:
  - component: {fileID: 4997087863573356}
  m_Layer: 0
  m_Name: BipCass R Calf
  m_TagString: Untagged
  m_Icon: {fileID: 0}
  m_NavMeshLayer: 0
  m_StaticEditorFlags: 0
  m_IsActive: 1
--- !u!1 &1731280277681690
GameObject:
  m_ObjectHideFlags: 1
  m_PrefabParentObject: {fileID: 0}
  m_PrefabInternal: {fileID: 100100000}
  serializedVersion: 5
  m_Component:
  - component: {fileID: 4436041886936460}
  m_Layer: 0
  m_Name: BipCass R Finger0Nub
  m_TagString: Untagged
  m_Icon: {fileID: 0}
  m_NavMeshLayer: 0
  m_StaticEditorFlags: 0
  m_IsActive: 1
--- !u!1 &1739250556303168
GameObject:
  m_ObjectHideFlags: 0
  m_PrefabParentObject: {fileID: 0}
  m_PrefabInternal: {fileID: 100100000}
  serializedVersion: 5
  m_Component:
  - component: {fileID: 4709990727513142}
  m_Layer: 0
  m_Name: BipCass Footsteps
  m_TagString: Untagged
  m_Icon: {fileID: 0}
  m_NavMeshLayer: 0
  m_StaticEditorFlags: 0
  m_IsActive: 1
--- !u!1 &1743311734300180
GameObject:
  m_ObjectHideFlags: 1
  m_PrefabParentObject: {fileID: 0}
  m_PrefabInternal: {fileID: 100100000}
  serializedVersion: 5
  m_Component:
  - component: {fileID: 4796071435891546}
  m_Layer: 0
  m_Name: Cass_bone_lidl_e
  m_TagString: Untagged
  m_Icon: {fileID: 0}
  m_NavMeshLayer: 0
  m_StaticEditorFlags: 0
  m_IsActive: 1
--- !u!1 &1756679182245992
GameObject:
  m_ObjectHideFlags: 1
  m_PrefabParentObject: {fileID: 0}
  m_PrefabInternal: {fileID: 100100000}
  serializedVersion: 5
  m_Component:
  - component: {fileID: 4707570228668156}
  m_Layer: 0
  m_Name: BipCass R Finger41
  m_TagString: Untagged
  m_Icon: {fileID: 0}
  m_NavMeshLayer: 0
  m_StaticEditorFlags: 0
  m_IsActive: 1
--- !u!1 &1759741216232690
GameObject:
  m_ObjectHideFlags: 1
  m_PrefabParentObject: {fileID: 0}
  m_PrefabInternal: {fileID: 100100000}
  serializedVersion: 5
  m_Component:
  - component: {fileID: 4705994927905716}
  m_Layer: 0
  m_Name: BipCass Pelvis
  m_TagString: Untagged
  m_Icon: {fileID: 0}
  m_NavMeshLayer: 0
  m_StaticEditorFlags: 0
  m_IsActive: 1
--- !u!1 &1760918180132978
GameObject:
  m_ObjectHideFlags: 1
  m_PrefabParentObject: {fileID: 0}
  m_PrefabInternal: {fileID: 100100000}
  serializedVersion: 5
  m_Component:
  - component: {fileID: 4411375529809870}
  m_Layer: 0
  m_Name: BipCass L Finger2Nub
  m_TagString: Untagged
  m_Icon: {fileID: 0}
  m_NavMeshLayer: 0
  m_StaticEditorFlags: 0
  m_IsActive: 1
--- !u!1 &1785191087091018
GameObject:
  m_ObjectHideFlags: 1
  m_PrefabParentObject: {fileID: 0}
  m_PrefabInternal: {fileID: 100100000}
  serializedVersion: 5
  m_Component:
  - component: {fileID: 4390820801195736}
  m_Layer: 0
  m_Name: Cass_bone_lidl
  m_TagString: Untagged
  m_Icon: {fileID: 0}
  m_NavMeshLayer: 0
  m_StaticEditorFlags: 0
  m_IsActive: 1
--- !u!1 &1786322179542806
GameObject:
  m_ObjectHideFlags: 1
  m_PrefabParentObject: {fileID: 0}
  m_PrefabInternal: {fileID: 100100000}
  serializedVersion: 5
  m_Component:
  - component: {fileID: 4257070952037386}
  m_Layer: 0
  m_Name: BipCass R Forearm
  m_TagString: Untagged
  m_Icon: {fileID: 0}
  m_NavMeshLayer: 0
  m_StaticEditorFlags: 0
  m_IsActive: 1
--- !u!1 &1794472631961190
GameObject:
  m_ObjectHideFlags: 1
  m_PrefabParentObject: {fileID: 0}
  m_PrefabInternal: {fileID: 100100000}
  serializedVersion: 5
  m_Component:
  - component: {fileID: 4320821854898962}
  m_Layer: 0
  m_Name: BipCass R Hand
  m_TagString: Untagged
  m_Icon: {fileID: 0}
  m_NavMeshLayer: 0
  m_StaticEditorFlags: 0
  m_IsActive: 1
--- !u!1 &1802033529403290
GameObject:
  m_ObjectHideFlags: 1
  m_PrefabParentObject: {fileID: 0}
  m_PrefabInternal: {fileID: 100100000}
  serializedVersion: 5
  m_Component:
  - component: {fileID: 4062855247356680}
  m_Layer: 0
  m_Name: BipCass R Finger21
  m_TagString: Untagged
  m_Icon: {fileID: 0}
  m_NavMeshLayer: 0
  m_StaticEditorFlags: 0
  m_IsActive: 1
--- !u!1 &1813603009154358
GameObject:
  m_ObjectHideFlags: 1
  m_PrefabParentObject: {fileID: 0}
  m_PrefabInternal: {fileID: 100100000}
  serializedVersion: 5
  m_Component:
  - component: {fileID: 4386783674875884}
  m_Layer: 0
  m_Name: BipCass R UpperArm
  m_TagString: Untagged
  m_Icon: {fileID: 0}
  m_NavMeshLayer: 0
  m_StaticEditorFlags: 0
  m_IsActive: 1
--- !u!1 &1844643219208566
GameObject:
  m_ObjectHideFlags: 1
  m_PrefabParentObject: {fileID: 0}
  m_PrefabInternal: {fileID: 100100000}
  serializedVersion: 5
  m_Component:
  - component: {fileID: 4321367060722634}
  m_Layer: 0
  m_Name: BipCass L ForeTwist1
  m_TagString: Untagged
  m_Icon: {fileID: 0}
  m_NavMeshLayer: 0
  m_StaticEditorFlags: 0
  m_IsActive: 1
--- !u!1 &1874213170256004
GameObject:
  m_ObjectHideFlags: 1
  m_PrefabParentObject: {fileID: 0}
  m_PrefabInternal: {fileID: 100100000}
  serializedVersion: 5
  m_Component:
  - component: {fileID: 4742178129394438}
  m_Layer: 0
  m_Name: BipCass L UpperArm
  m_TagString: Untagged
  m_Icon: {fileID: 0}
  m_NavMeshLayer: 0
  m_StaticEditorFlags: 0
  m_IsActive: 1
--- !u!1 &1884967336961678
GameObject:
  m_ObjectHideFlags: 1
  m_PrefabParentObject: {fileID: 0}
  m_PrefabInternal: {fileID: 100100000}
  serializedVersion: 5
  m_Component:
  - component: {fileID: 4270324610083476}
  m_Layer: 0
  m_Name: BipCass Spine
  m_TagString: Untagged
  m_Icon: {fileID: 0}
  m_NavMeshLayer: 0
  m_StaticEditorFlags: 0
  m_IsActive: 1
--- !u!1 &1889352650486718
GameObject:
  m_ObjectHideFlags: 1
  m_PrefabParentObject: {fileID: 0}
  m_PrefabInternal: {fileID: 100100000}
  serializedVersion: 5
  m_Component:
  - component: {fileID: 4505272211592036}
  m_Layer: 0
  m_Name: BipCass L Finger0
  m_TagString: Untagged
  m_Icon: {fileID: 0}
  m_NavMeshLayer: 0
  m_StaticEditorFlags: 0
  m_IsActive: 1
--- !u!1 &1904753479928732
GameObject:
  m_ObjectHideFlags: 1
  m_PrefabParentObject: {fileID: 0}
  m_PrefabInternal: {fileID: 100100000}
  serializedVersion: 5
  m_Component:
  - component: {fileID: 4941127173708006}
  m_Layer: 0
  m_Name: BipCass R Finger3Nub
  m_TagString: Untagged
  m_Icon: {fileID: 0}
  m_NavMeshLayer: 0
  m_StaticEditorFlags: 0
  m_IsActive: 1
--- !u!1 &1953118669547270
GameObject:
  m_ObjectHideFlags: 1
  m_PrefabParentObject: {fileID: 0}
  m_PrefabInternal: {fileID: 100100000}
  serializedVersion: 5
  m_Component:
  - component: {fileID: 4706064074634822}
  m_Layer: 0
  m_Name: BipCass L ForeTwist
  m_TagString: Untagged
  m_Icon: {fileID: 0}
  m_NavMeshLayer: 0
  m_StaticEditorFlags: 0
  m_IsActive: 1
--- !u!1 &1959150456823782
GameObject:
  m_ObjectHideFlags: 1
  m_PrefabParentObject: {fileID: 0}
  m_PrefabInternal: {fileID: 100100000}
  serializedVersion: 5
  m_Component:
  - component: {fileID: 4922861196148570}
  m_Layer: 0
  m_Name: BipCass R Finger0
  m_TagString: Untagged
  m_Icon: {fileID: 0}
  m_NavMeshLayer: 0
  m_StaticEditorFlags: 0
  m_IsActive: 1
--- !u!1 &1965138603296164
GameObject:
  m_ObjectHideFlags: 1
  m_PrefabParentObject: {fileID: 0}
  m_PrefabInternal: {fileID: 100100000}
  serializedVersion: 5
  m_Component:
  - component: {fileID: 4235491707060628}
  m_Layer: 0
  m_Name: BipCass R Finger11
  m_TagString: Untagged
  m_Icon: {fileID: 0}
  m_NavMeshLayer: 0
  m_StaticEditorFlags: 0
  m_IsActive: 1
--- !u!1 &1972271241150306
GameObject:
  m_ObjectHideFlags: 1
  m_PrefabParentObject: {fileID: 0}
  m_PrefabInternal: {fileID: 100100000}
  serializedVersion: 5
  m_Component:
  - component: {fileID: 4984211104853058}
  m_Layer: 0
  m_Name: BipCass Spine1
  m_TagString: Untagged
  m_Icon: {fileID: 0}
  m_NavMeshLayer: 0
  m_StaticEditorFlags: 0
  m_IsActive: 1
--- !u!1 &1980671052875636
GameObject:
  m_ObjectHideFlags: 1
  m_PrefabParentObject: {fileID: 0}
  m_PrefabInternal: {fileID: 100100000}
  serializedVersion: 5
  m_Component:
  - component: {fileID: 4380653038257512}
  m_Layer: 0
  m_Name: Cass_bone_jaw_2
  m_TagString: Untagged
  m_Icon: {fileID: 0}
  m_NavMeshLayer: 0
  m_StaticEditorFlags: 0
  m_IsActive: 1
--- !u!1 &1990632928562240
GameObject:
  m_ObjectHideFlags: 1
  m_PrefabParentObject: {fileID: 0}
  m_PrefabInternal: {fileID: 100100000}
  serializedVersion: 5
  m_Component:
  - component: {fileID: 4048204869028558}
  m_Layer: 0
  m_Name: Cass_bone_lidr
  m_TagString: Untagged
  m_Icon: {fileID: 0}
  m_NavMeshLayer: 0
  m_StaticEditorFlags: 0
  m_IsActive: 1
--- !u!1 &1993729208436062
GameObject:
  m_ObjectHideFlags: 1
  m_PrefabParentObject: {fileID: 0}
  m_PrefabInternal: {fileID: 100100000}
  serializedVersion: 5
  m_Component:
  - component: {fileID: 4763034947645126}
  m_Layer: 0
  m_Name: Cass_bone_eyer
  m_TagString: Untagged
  m_Icon: {fileID: 0}
  m_NavMeshLayer: 0
  m_StaticEditorFlags: 0
  m_IsActive: 1
--- !u!4 &4015837676112432
Transform:
  m_ObjectHideFlags: 1
  m_PrefabParentObject: {fileID: 0}
  m_PrefabInternal: {fileID: 100100000}
  m_GameObject: {fileID: 1297000294981554}
  m_LocalRotation: {x: -0.5000005, y: 0.49999958, z: 0.49999958, w: 0.5000005}
  m_LocalPosition: {x: -0.000000006716226, y: -0.0000009918213, z: 6.2963706e-10}
  m_LocalScale: {x: 0.99999994, y: 0.99999994, z: 1}
  m_Children:
  - {fileID: 4705994927905716}
  m_Father: {fileID: 4629871222496122}
  m_RootOrder: 0
  m_LocalEulerAnglesHint: {x: 0, y: 0, z: 0}
--- !u!4 &4017157266137300
Transform:
  m_ObjectHideFlags: 1
  m_PrefabParentObject: {fileID: 0}
  m_PrefabInternal: {fileID: 100100000}
  m_GameObject: {fileID: 1126413066511460}
  m_LocalRotation: {x: -5.1725456e-14, y: -4.806817e-15, z: 1, w: -6.123234e-17}
  m_LocalPosition: {x: -0.088791, y: 0.000000017433957, z: -0.0000000018301675}
  m_LocalScale: {x: -1, y: -1.0000001, z: -1}
  m_Children: []
  m_Father: {fileID: 4712817309414082}
  m_RootOrder: 0
  m_LocalEulerAnglesHint: {x: 0, y: 0, z: 0}
--- !u!4 &4017290675417644
Transform:
  m_ObjectHideFlags: 1
  m_PrefabParentObject: {fileID: 0}
  m_PrefabInternal: {fileID: 100100000}
  m_GameObject: {fileID: 1449873704577976}
  m_LocalRotation: {x: -0.13979588, y: 0.9891273, z: 0.036644556, w: -0.027231524}
  m_LocalPosition: {x: 0.07903042, y: 0.00380503, z: 0.08447507}
  m_LocalScale: {x: 1, y: 1, z: 0.99999994}
  m_Children:
  - {fileID: 4592236487927420}
  m_Father: {fileID: 4270324610083476}
  m_RootOrder: 0
  m_LocalEulerAnglesHint: {x: 0, y: 0, z: 0}
--- !u!4 &4018345004653112
Transform:
  m_ObjectHideFlags: 1
  m_PrefabParentObject: {fileID: 0}
  m_PrefabInternal: {fileID: 100100000}
  m_GameObject: {fileID: 1508154142206532}
  m_LocalRotation: {x: -0.007954847, y: -0.017358277, z: 0.053253446, w: 0.9983985}
  m_LocalPosition: {x: -0.049877938, y: 0.000000082517204, z: 0.000000021130907}
  m_LocalScale: {x: 1.0000001, y: 1.0000001, z: 1.0000001}
  m_Children: []
  m_Father: {fileID: 4798569016731678}
  m_RootOrder: 0
  m_LocalEulerAnglesHint: {x: 0, y: 0, z: 0}
--- !u!4 &4048204869028558
Transform:
  m_ObjectHideFlags: 1
  m_PrefabParentObject: {fileID: 0}
  m_PrefabInternal: {fileID: 100100000}
  m_GameObject: {fileID: 1990632928562240}
  m_LocalRotation: {x: -0.48692685, y: 0.51273865, z: -0.48692876, w: 0.5127394}
  m_LocalPosition: {x: -0.026783125, y: 0.009776334, z: 0.0239113}
  m_LocalScale: {x: 0.99999964, y: 0.99999964, z: 0.99999994}
  m_Children:
  - {fileID: 4554778811758848}
  m_Father: {fileID: 4741917240139252}
  m_RootOrder: 6
  m_LocalEulerAnglesHint: {x: 0, y: 0, z: 0}
--- !u!4 &4049347389964590
Transform:
  m_ObjectHideFlags: 1
  m_PrefabParentObject: {fileID: 0}
  m_PrefabInternal: {fileID: 100100000}
  m_GameObject: {fileID: 1456990017167908}
  m_LocalRotation: {x: -6.809258e-15, y: -7.9816015e-13, z: -1.4601893e-14, w: 1}
  m_LocalPosition: {x: -0.19886184, y: -6.607216e-11, z: -6.4843114e-10}
  m_LocalScale: {x: 1, y: 1, z: 1}
  m_Children: []
  m_Father: {fileID: 4649028747141450}
  m_RootOrder: 0
  m_LocalEulerAnglesHint: {x: 0, y: 0, z: 0}
--- !u!4 &4062855247356680
Transform:
  m_ObjectHideFlags: 1
  m_PrefabParentObject: {fileID: 0}
  m_PrefabInternal: {fileID: 100100000}
  m_GameObject: {fileID: 1802033529403290}
  m_LocalRotation: {x: -0.000000004924189, y: -0.0000000063014824, z: -0.62260574,
    w: 0.78253573}
  m_LocalPosition: {x: -0.029129867, y: 0.0000000028514549, z: 0.000000015756337}
  m_LocalScale: {x: 1, y: 1, z: 1.0000001}
  m_Children:
  - {fileID: 4646696901184026}
  m_Father: {fileID: 4797641957295826}
  m_RootOrder: 0
  m_LocalEulerAnglesHint: {x: 0, y: 0, z: 0}
--- !u!4 &4069223342585304
Transform:
  m_ObjectHideFlags: 1
  m_PrefabParentObject: {fileID: 0}
  m_PrefabInternal: {fileID: 100100000}
  m_GameObject: {fileID: 1627466690646216}
  m_LocalRotation: {x: 0.00039059806, y: 0.000077254466, z: -0.1940434, w: 0.98099285}
  m_LocalPosition: {x: -0.06386663, y: -0.0064967303, z: -0.01696235}
  m_LocalScale: {x: 0.99999994, y: 0.99999994, z: 0.9999999}
  m_Children:
  - {fileID: 4707570228668156}
  m_Father: {fileID: 4320821854898962}
  m_RootOrder: 4
  m_LocalEulerAnglesHint: {x: 0, y: 0, z: 0}
--- !u!4 &4096435646354212
Transform:
  m_ObjectHideFlags: 1
  m_PrefabParentObject: {fileID: 0}
  m_PrefabInternal: {fileID: 100100000}
  m_GameObject: {fileID: 1676872315102306}
  m_LocalRotation: {x: 7.227144e-14, y: 0.00000048163065, z: -0.17364821, w: 0.9848078}
  m_LocalPosition: {x: -0.24633794, y: -0.0042751827, z: -0.000000007490058}
  m_LocalScale: {x: 1.0000001, y: 1.0000001, z: 0.99999994}
  m_Children:
  - {fileID: 4649028747141450}
  - {fileID: 4459118277400520}
  - {fileID: 4644352403112894}
  m_Father: {fileID: 4984211104853058}
  m_RootOrder: 0
  m_LocalEulerAnglesHint: {x: 0, y: 0, z: 0}
--- !u!4 &4099818386819036
Transform:
  m_ObjectHideFlags: 1
  m_PrefabParentObject: {fileID: 0}
  m_PrefabInternal: {fileID: 100100000}
  m_GameObject: {fileID: 1713396523928134}
  m_LocalRotation: {x: -0.000000007270101, y: -0.000000007762379, z: -0.6143003, w: 0.78907233}
  m_LocalPosition: {x: -0.024968449, y: -3.2783248e-10, z: 3.4483008e-10}
  m_LocalScale: {x: 0.99999994, y: 1, z: 1}
  m_Children:
  - {fileID: 4629052730603806}
  m_Father: {fileID: 4867310629414452}
  m_RootOrder: 0
  m_LocalEulerAnglesHint: {x: 0, y: 0, z: 0}
--- !u!4 &4117272133823274
Transform:
  m_ObjectHideFlags: 1
  m_PrefabParentObject: {fileID: 0}
  m_PrefabInternal: {fileID: 100100000}
  m_GameObject: {fileID: 1553991621423944}
  m_LocalRotation: {x: 0.0000000061115406, y: -0.000000004652362, z: 1, w: 8.966544e-17}
  m_LocalPosition: {x: -0.029391328, y: -0.000000015088569, z: 0.0000000033293275}
  m_LocalScale: {x: -1, y: -1, z: -1}
  m_Children: []
  m_Father: {fileID: 4235491707060628}
  m_RootOrder: 0
  m_LocalEulerAnglesHint: {x: 0, y: 0, z: 0}
--- !u!4 &4138855535427072
Transform:
  m_ObjectHideFlags: 1
  m_PrefabParentObject: {fileID: 0}
  m_PrefabInternal: {fileID: 100100000}
  m_GameObject: {fileID: 1103001158367538}
  m_LocalRotation: {x: -0.007379973, y: -0.022187749, z: 0.0412749, w: 0.9988742}
  m_LocalPosition: {x: -0.04983919, y: 0.00000008500532, z: -0.000000011800646}
  m_LocalScale: {x: 1, y: 1.0000001, z: 1.0000001}
  m_Children: []
  m_Father: {fileID: 4140513919626126}
  m_RootOrder: 0
  m_LocalEulerAnglesHint: {x: 0, y: 0, z: 0}
--- !u!4 &4140513919626126
Transform:
  m_ObjectHideFlags: 1
  m_PrefabParentObject: {fileID: 0}
  m_PrefabInternal: {fileID: 100100000}
  m_GameObject: {fileID: 1546592213718438}
  m_LocalRotation: {x: 0.050507706, y: 0.04926944, z: -0.7311278, w: 0.6785822}
  m_LocalPosition: {x: 0.016288891, y: -0.01609674, z: 0.04077694}
  m_LocalScale: {x: 1.0000004, y: 0.9999998, z: 0.9999999}
  m_Children:
  - {fileID: 4138855535427072}
  m_Father: {fileID: 4741917240139252}
  m_RootOrder: 0
  m_LocalEulerAnglesHint: {x: 0, y: 0, z: 0}
--- !u!4 &4174192398198084
Transform:
  m_ObjectHideFlags: 1
  m_PrefabParentObject: {fileID: 0}
  m_PrefabInternal: {fileID: 100100000}
  m_GameObject: {fileID: 1002419534449810}
  m_LocalRotation: {x: 0.09032057, y: 0.028252596, z: -0.07404632, w: 0.99275434}
  m_LocalPosition: {x: -0.45692912, y: 0.000000016904773, z: 0.0000000058982406}
  m_LocalScale: {x: 1, y: 1, z: 1}
  m_Children:
  - {fileID: 4579639417654218}
  m_Father: {fileID: 4997087863573356}
  m_RootOrder: 0
  m_LocalEulerAnglesHint: {x: 0, y: 0, z: 0}
--- !u!4 &4178821377215710
Transform:
  m_ObjectHideFlags: 1
  m_PrefabParentObject: {fileID: 0}
  m_PrefabInternal: {fileID: 100100000}
  m_GameObject: {fileID: 1130740039707052}
  m_LocalRotation: {x: -0.000000004101667, y: 5.3765925e-10, z: 0.000000005424524,
    w: 1}
  m_LocalPosition: {x: -0.03403196, y: -0.00000008158651, z: -1.1211554e-10}
  m_LocalScale: {x: 1, y: 1, z: 1}
  m_Children: []
  m_Father: {fileID: 4563367865273244}
  m_RootOrder: 0
  m_LocalEulerAnglesHint: {x: 0, y: 0, z: 0}
--- !u!4 &4195579851826188
Transform:
  m_ObjectHideFlags: 1
  m_PrefabParentObject: {fileID: 0}
  m_PrefabInternal: {fileID: 100100000}
  m_GameObject: {fileID: 1669384213231960}
  m_LocalRotation: {x: 9.48796e-10, y: 0.0000000038224526, z: -0.0000000069321504,
    w: 1}
  m_LocalPosition: {x: -0.02179799, y: 0.0000000015775871, z: 0.0000000015727153}
  m_LocalScale: {x: 1, y: 1, z: 1}
  m_Children: []
  m_Father: {fileID: 4912145210592796}
  m_RootOrder: 0
  m_LocalEulerAnglesHint: {x: 0, y: 0, z: 0}
--- !u!4 &4213833765115032
Transform:
  m_ObjectHideFlags: 1
  m_PrefabParentObject: {fileID: 0}
  m_PrefabInternal: {fileID: 100100000}
  m_GameObject: {fileID: 1124559567527044}
  m_LocalRotation: {x: 0.053853333, y: -0.03202786, z: -0.047206663, w: 0.9969181}
  m_LocalPosition: {x: -0.4569292, y: 0.000000005809719, z: -1.5443325e-11}
  m_LocalScale: {x: 1, y: 1, z: 1}
  m_Children:
  - {fileID: 4712817309414082}
  m_Father: {fileID: 4592236487927420}
  m_RootOrder: 0
  m_LocalEulerAnglesHint: {x: 0, y: 0, z: 0}
--- !u!4 &4235491707060628
Transform:
  m_ObjectHideFlags: 1
  m_PrefabParentObject: {fileID: 0}
  m_PrefabInternal: {fileID: 100100000}
  m_GameObject: {fileID: 1965138603296164}
  m_LocalRotation: {x: 0.0000000011917423, y: -2.6702462e-10, z: -0.4279403, w: 0.90380704}
  m_LocalPosition: {x: -0.024968453, y: -0.000000008246193, z: -0.000000014875656}
  m_LocalScale: {x: 0.99999994, y: 0.99999994, z: 1}
  m_Children:
  - {fileID: 4117272133823274}
  m_Father: {fileID: 4614015970404070}
  m_RootOrder: 0
  m_LocalEulerAnglesHint: {x: 0, y: 0, z: 0}
--- !u!4 &4238529944880234
Transform:
  m_ObjectHideFlags: 1
  m_PrefabParentObject: {fileID: 0}
  m_PrefabInternal: {fileID: 100100000}
  m_GameObject: {fileID: 1565208971742278}
  m_LocalRotation: {x: -0.0000000020693447, y: -0.000000005454477, z: 0.0000000047641215,
    w: 1}
  m_LocalPosition: {x: -0.02638932, y: -0.0000000041874726, z: 6.198634e-10}
  m_LocalScale: {x: 1, y: 1, z: 1}
  m_Children: []
  m_Father: {fileID: 4766671085554434}
  m_RootOrder: 0
  m_LocalEulerAnglesHint: {x: 0, y: 0, z: 0}
--- !u!4 &4257070952037386
Transform:
  m_ObjectHideFlags: 1
  m_PrefabParentObject: {fileID: 0}
  m_PrefabInternal: {fileID: 100100000}
  m_GameObject: {fileID: 1786322179542806}
  m_LocalRotation: {x: 0.000000019700343, y: -0.00000004026116, z: 0.71684223, w: 0.6972354}
  m_LocalPosition: {x: -0.23270941, y: -0.0000000023170235, z: -0.000000017547526}
  m_LocalScale: {x: 1, y: 0.99999994, z: 1}
  m_Children:
  - {fileID: 4534204289430850}
  - {fileID: 4320821854898962}
  m_Father: {fileID: 4386783674875884}
  m_RootOrder: 0
  m_LocalEulerAnglesHint: {x: 0, y: 0, z: 0}
--- !u!4 &4270324610083476
Transform:
  m_ObjectHideFlags: 1
  m_PrefabParentObject: {fileID: 0}
  m_PrefabInternal: {fileID: 100100000}
  m_GameObject: {fileID: 1884967336961678}
  m_LocalRotation: {x: -0.0000021060623, y: 0.0000007203531, z: -0.039657667, w: 0.99921334}
  m_LocalPosition: {x: -0.079083405, y: 0.002470098, z: 0.000000103784345}
  m_LocalScale: {x: 1, y: 0.99999994, z: 0.99999994}
  m_Children:
  - {fileID: 4017290675417644}
  - {fileID: 4271300756873994}
  - {fileID: 4984211104853058}
  m_Father: {fileID: 4705994927905716}
  m_RootOrder: 0
  m_LocalEulerAnglesHint: {x: 0, y: 0, z: 0}
--- !u!4 &4271300756873994
Transform:
  m_ObjectHideFlags: 1
  m_PrefabParentObject: {fileID: 0}
  m_PrefabInternal: {fileID: 100100000}
  m_GameObject: {fileID: 1355513980617860}
  m_LocalRotation: {x: -0.11294072, y: 0.9926724, z: -0.026406894, w: 0.033891376}
  m_LocalPosition: {x: 0.07903042, y: 0.0038054984, z: -0.08447504}
  m_LocalScale: {x: 1, y: 1, z: 1}
  m_Children:
  - {fileID: 4997087863573356}
  m_Father: {fileID: 4270324610083476}
  m_RootOrder: 1
  m_LocalEulerAnglesHint: {x: 0, y: 0, z: 0}
--- !u!4 &4320821854898962
Transform:
  m_ObjectHideFlags: 1
  m_PrefabParentObject: {fileID: 0}
  m_PrefabInternal: {fileID: 100100000}
  m_GameObject: {fileID: 1794472631961190}
  m_LocalRotation: {x: 0.84501994, y: 0.14845772, z: -0.1293136, w: 0.4971716}
  m_LocalPosition: {x: -0.22339448, y: -0.0000000013179919, z: -0.0000000029317444}
  m_LocalScale: {x: 1, y: 1, z: 1}
  m_Children:
  - {fileID: 4922861196148570}
  - {fileID: 4614015970404070}
  - {fileID: 4797641957295826}
  - {fileID: 4600845324051486}
  - {fileID: 4069223342585304}
  m_Father: {fileID: 4257070952037386}
  m_RootOrder: 1
  m_LocalEulerAnglesHint: {x: 0, y: 0, z: 0}
--- !u!4 &4321367060722634
Transform:
  m_ObjectHideFlags: 1
  m_PrefabParentObject: {fileID: 0}
  m_PrefabInternal: {fileID: 100100000}
  m_GameObject: {fileID: 1844643219208566}
  m_LocalRotation: {x: 0.03609957, y: 0.000000002802894, z: -0.000000010288585, w: 0.9993482}
  m_LocalPosition: {x: -0.11169724, y: 0.0000000080155935, z: 0.0000000019940942}
  m_LocalScale: {x: 1, y: 1, z: 1}
  m_Children: []
  m_Father: {fileID: 4706064074634822}
  m_RootOrder: 0
  m_LocalEulerAnglesHint: {x: 0, y: 0, z: 0}
--- !u!4 &4380653038257512
Transform:
  m_ObjectHideFlags: 1
  m_PrefabParentObject: {fileID: 0}
  m_PrefabInternal: {fileID: 100100000}
  m_GameObject: {fileID: 1980671052875636}
  m_LocalRotation: {x: 0.000000034454573, y: 0.00000001869403, z: 0.49769726, w: 0.8673508}
  m_LocalPosition: {x: -0.034844946, y: -0.0000005743409, z: -9.929603e-10}
  m_LocalScale: {x: 1.0000001, y: 1.0000002, z: 0.9999999}
  m_Children:
  - {fileID: 4701298611344278}
  m_Father: {fileID: 4969836666226248}
  m_RootOrder: 0
  m_LocalEulerAnglesHint: {x: 0, y: 0, z: 0}
--- !u!4 &4386783674875884
Transform:
  m_ObjectHideFlags: 1
  m_PrefabParentObject: {fileID: 0}
  m_PrefabInternal: {fileID: 100100000}
  m_GameObject: {fileID: 1813603009154358}
  m_LocalRotation: {x: -0.3009257, y: 0.365817, z: 0.564311, w: 0.676147}
  m_LocalPosition: {x: -0.10388902, y: -0.0000000030821907, z: 0.000000011761344}
  m_LocalScale: {x: 1, y: 0.99999994, z: 0.99999994}
  m_Children:
  - {fileID: 4257070952037386}
  m_Father: {fileID: 4644352403112894}
  m_RootOrder: 0
  m_LocalEulerAnglesHint: {x: 0, y: 0, z: 0}
--- !u!4 &4390820801195736
Transform:
  m_ObjectHideFlags: 1
  m_PrefabParentObject: {fileID: 0}
  m_PrefabInternal: {fileID: 100100000}
  m_GameObject: {fileID: 1785191087091018}
  m_LocalRotation: {x: -0.48692685, y: 0.51273865, z: -0.48692876, w: 0.5127394}
  m_LocalPosition: {x: 0.02668083, y: 0.00977621, z: 0.023911605}
  m_LocalScale: {x: 0.99999964, y: 0.99999964, z: 0.99999994}
  m_Children:
  - {fileID: 4796071435891546}
  m_Father: {fileID: 4741917240139252}
  m_RootOrder: 5
  m_LocalEulerAnglesHint: {x: 0, y: 0, z: 0}
--- !u!4 &4411375529809870
Transform:
  m_ObjectHideFlags: 1
  m_PrefabParentObject: {fileID: 0}
  m_PrefabInternal: {fileID: 100100000}
  m_GameObject: {fileID: 1760918180132978}
  m_LocalRotation: {x: 8.1610185e-10, y: -0.0000000038338195, z: 0.000000004267442,
    w: 1}
  m_LocalPosition: {x: -0.033619314, y: -0.0000000026794693, z: 0.000000006759532}
  m_LocalScale: {x: 1, y: 1, z: 0.99999994}
  m_Children: []
  m_Father: {fileID: 4708355788951162}
  m_RootOrder: 0
  m_LocalEulerAnglesHint: {x: 0, y: 0, z: 0}
--- !u!4 &4416487799384718
Transform:
  m_ObjectHideFlags: 1
  m_PrefabParentObject: {fileID: 0}
  m_PrefabInternal: {fileID: 100100000}
  m_GameObject: {fileID: 1244499113595652}
  m_LocalRotation: {x: -0.0002801473, y: -0.00028292995, z: -0.7105789, w: 0.7036174}
  m_LocalPosition: {x: -0.071204625, y: -0.007762821, z: -0.009863752}
  m_LocalScale: {x: 0.99999994, y: 1.0000001, z: 0.99999994}
  m_Children:
  - {fileID: 4708355788951162}
  m_Father: {fileID: 4935104329860662}
  m_RootOrder: 2
  m_LocalEulerAnglesHint: {x: 0, y: 0, z: 0}
--- !u!4 &4436041886936460
Transform:
  m_ObjectHideFlags: 1
  m_PrefabParentObject: {fileID: 0}
  m_PrefabInternal: {fileID: 100100000}
  m_GameObject: {fileID: 1731280277681690}
  m_LocalRotation: {x: -0.0000000027467535, y: 0.0000000023596445, z: 1, w: 6.77137e-17}
  m_LocalPosition: {x: -0.021798017, y: 0.000000011095797, z: -0.000000013717431}
  m_LocalScale: {x: -0.99999994, y: -1, z: -1}
  m_Children: []
  m_Father: {fileID: 4757257016488080}
  m_RootOrder: 0
  m_LocalEulerAnglesHint: {x: 0, y: 0, z: 0}
--- !u!4 &4450291625352780
Transform:
  m_ObjectHideFlags: 1
  m_PrefabParentObject: {fileID: 0}
  m_PrefabInternal: {fileID: 100100000}
  m_GameObject: {fileID: 1646274922720242}
  m_LocalRotation: {x: -0.00028600165, y: -0.00027700912, z: -0.6957138, w: 0.718319}
  m_LocalPosition: {x: -0.07127852, y: -0.006683415, z: -0.023872072}
  m_LocalScale: {x: 0.99999994, y: 1, z: 0.99999994}
  m_Children:
  - {fileID: 4844930057653630}
  m_Father: {fileID: 4935104329860662}
  m_RootOrder: 1
  m_LocalEulerAnglesHint: {x: 0, y: 0, z: 0}
--- !u!4 &4459118277400520
Transform:
  m_ObjectHideFlags: 1
  m_PrefabParentObject: {fileID: 0}
  m_PrefabInternal: {fileID: 100100000}
  m_GameObject: {fileID: 1592904762906156}
  m_LocalRotation: {x: -0.676332, y: -0.040113702, z: 0.70829517, w: -0.19820154}
  m_LocalPosition: {x: 0.017431786, y: 0.0029890046, z: 0.044874012}
  m_LocalScale: {x: 0.99999994, y: 1, z: 1}
  m_Children:
  - {fileID: 4742178129394438}
  m_Father: {fileID: 4096435646354212}
  m_RootOrder: 1
  m_LocalEulerAnglesHint: {x: 0, y: 0, z: 0}
--- !u!4 &4505272211592036
Transform:
  m_ObjectHideFlags: 1
  m_PrefabParentObject: {fileID: 0}
  m_PrefabInternal: {fileID: 100100000}
  m_GameObject: {fileID: 1889352650486718}
  m_LocalRotation: {x: 0.70222217, y: -0.2831065, z: -0.08702368, w: 0.6474269}
  m_LocalPosition: {x: -0.021690061, y: 0.008636082, z: -0.026523879}
  m_LocalScale: {x: 1.0000001, y: 0.99999994, z: 1}
  m_Children:
  - {fileID: 4912145210592796}
  m_Father: {fileID: 4935104329860662}
  m_RootOrder: 0
  m_LocalEulerAnglesHint: {x: 0, y: 0, z: 0}
--- !u!4 &4534204289430850
Transform:
  m_ObjectHideFlags: 1
  m_PrefabParentObject: {fileID: 0}
  m_PrefabInternal: {fileID: 100100000}
  m_GameObject: {fileID: 1658496501670484}
  m_LocalRotation: {x: 0.08783979, y: -0.0000000030652432, z: -4.695271e-10, w: 0.99613464}
  m_LocalPosition: {x: 0.000000008559686, y: -0.00000000705838, z: 0.000000008215367}
  m_LocalScale: {x: 1, y: 1, z: 0.99999994}
  m_Children:
  - {fileID: 4970560618835522}
  m_Father: {fileID: 4257070952037386}
  m_RootOrder: 0
  m_LocalEulerAnglesHint: {x: 0, y: 0, z: 0}
--- !u!4 &4554778811758848
Transform:
  m_ObjectHideFlags: 1
  m_PrefabParentObject: {fileID: 0}
  m_PrefabInternal: {fileID: 100100000}
  m_GameObject: {fileID: 1560405323606708}
  m_LocalRotation: {x: 0.0000000016848487, y: -4.0280865e-11, z: -0.018841432, w: 0.9998225}
  m_LocalPosition: {x: -0.018464457, y: -0.0000004589068, z: 9.329578e-10}
  m_LocalScale: {x: 1, y: 1, z: 1}
  m_Children: []
  m_Father: {fileID: 4048204869028558}
  m_RootOrder: 0
  m_LocalEulerAnglesHint: {x: 0, y: 0, z: 0}
--- !u!4 &4555329550762296
Transform:
  m_ObjectHideFlags: 1
  m_PrefabParentObject: {fileID: 0}
  m_PrefabInternal: {fileID: 100100000}
  m_GameObject: {fileID: 1020004376784086}
  m_LocalRotation: {x: 1.2669629e-14, y: -0.000000028651204, z: -6.9198594e-15, w: 1}
  m_LocalPosition: {x: -0.088791, y: 0.000000075276965, z: -0.0000000048359183}
  m_LocalScale: {x: 1, y: 1, z: 1}
  m_Children: []
  m_Father: {fileID: 4579639417654218}
  m_RootOrder: 0
  m_LocalEulerAnglesHint: {x: 0, y: 0, z: 0}
--- !u!4 &4563367865273244
Transform:
  m_ObjectHideFlags: 1
  m_PrefabParentObject: {fileID: 0}
  m_PrefabInternal: {fileID: 100100000}
  m_GameObject: {fileID: 1514828880229610}
  m_LocalRotation: {x: -0.00000083624224, y: -0.0000004584688, z: 0.87686354, w: -0.48073938}
  m_LocalPosition: {x: -0.02639627, y: 0.056552608, z: 0.00000030517577}
  m_LocalScale: {x: 1, y: 1, z: 1}
  m_Children:
  - {fileID: 4178821377215710}
  m_Father: {fileID: 4649028747141450}
  m_RootOrder: 2
  m_LocalEulerAnglesHint: {x: 0, y: 0, z: 0}
--- !u!4 &4579639417654218
Transform:
  m_ObjectHideFlags: 1
  m_PrefabParentObject: {fileID: 0}
  m_PrefabInternal: {fileID: 100100000}
  m_GameObject: {fileID: 1378605625637344}
  m_LocalRotation: {x: -0.00000009105678, y: -0.00000014506676, z: -0.7071067, w: 0.7071068}
  m_LocalPosition: {x: -0.1482318, y: 0.08358963, z: 1.382967e-10}
  m_LocalScale: {x: 0.9999999, y: 0.99999994, z: 0.99999994}
  m_Children:
  - {fileID: 4555329550762296}
  m_Father: {fileID: 4174192398198084}
  m_RootOrder: 0
  m_LocalEulerAnglesHint: {x: 0, y: 0, z: 0}
--- !u!4 &4581330166483378
Transform:
  m_ObjectHideFlags: 1
  m_PrefabParentObject: {fileID: 0}
  m_PrefabInternal: {fileID: 100100000}
  m_GameObject: {fileID: 1603725553672166}
  m_LocalRotation: {x: -0.7071068, y: 0, z: -0, w: 0.7071068}
  m_LocalPosition: {x: -1.2627993e-10, y: 1.2627993e-10, z: 0.023072585}
  m_LocalScale: {x: 1, y: 1, z: 1}
  m_Children: []
  m_Father: {fileID: 4629871222496122}
  m_RootOrder: 2
  m_LocalEulerAnglesHint: {x: 0, y: 0, z: 0}
--- !u!4 &4592236487927420
Transform:
  m_ObjectHideFlags: 1
  m_PrefabParentObject: {fileID: 0}
  m_PrefabInternal: {fileID: 100100000}
  m_GameObject: {fileID: 1684230259697568}
  m_LocalRotation: {x: -0.0000000029674676, y: -0.0000000018794373, z: 0.14810793,
    w: 0.98897123}
  m_LocalPosition: {x: -0.40243712, y: 0.0000000010889146, z: 0.0000000028474494}
  m_LocalScale: {x: 0.99999994, y: 1, z: 1}
  m_Children:
  - {fileID: 4213833765115032}
  m_Father: {fileID: 4017290675417644}
  m_RootOrder: 0
  m_LocalEulerAnglesHint: {x: 0, y: 0, z: 0}
--- !u!4 &4600845324051486
Transform:
  m_ObjectHideFlags: 1
  m_PrefabParentObject: {fileID: 0}
  m_PrefabInternal: {fileID: 100100000}
  m_GameObject: {fileID: 1614831232408806}
  m_LocalRotation: {x: 0.00038630387, y: 0.0000964268, z: -0.24219783, w: 0.9702268}
  m_LocalPosition: {x: -0.06980582, y: -0.007813794, z: -0.0049276715}
  m_LocalScale: {x: 0.99999994, y: 1, z: 0.9999999}
  m_Children:
  - {fileID: 4695922665954552}
  m_Father: {fileID: 4320821854898962}
  m_RootOrder: 3
  m_LocalEulerAnglesHint: {x: 0, y: 0, z: 0}
--- !u!4 &4614015970404070
Transform:
  m_ObjectHideFlags: 1
  m_PrefabParentObject: {fileID: 0}
  m_PrefabInternal: {fileID: 100100000}
  m_GameObject: {fileID: 1630031820781918}
  m_LocalRotation: {x: 0.00038484324, y: 0.00010211433, z: -0.25647432, w: 0.966551}
  m_LocalPosition: {x: -0.07127851, y: -0.0066834204, z: 0.023872072}
  m_LocalScale: {x: 0.99999994, y: 0.99999994, z: 0.9999999}
  m_Children:
  - {fileID: 4235491707060628}
  m_Father: {fileID: 4320821854898962}
  m_RootOrder: 1
  m_LocalEulerAnglesHint: {x: 0, y: 0, z: 0}
--- !u!4 &4628672727470242
Transform:
  m_ObjectHideFlags: 1
  m_PrefabParentObject: {fileID: 0}
  m_PrefabInternal: {fileID: 100100000}
  m_GameObject: {fileID: 1493251259134624}
  m_LocalRotation: {x: 0.5337066, y: -0.46384916, z: 0.5337088, w: -0.46384943}
  m_LocalPosition: {x: 0.026877966, y: 0.00977587, z: 0.02420198}
  m_LocalScale: {x: 0.99999964, y: 0.9999997, z: 0.99999994}
  m_Children:
  - {fileID: 4838543623054590}
  m_Father: {fileID: 4741917240139252}
  m_RootOrder: 2
  m_LocalEulerAnglesHint: {x: 0, y: 0, z: 0}
--- !u!4 &4629052730603806
Transform:
  m_ObjectHideFlags: 1
  m_PrefabParentObject: {fileID: 0}
  m_PrefabInternal: {fileID: 100100000}
  m_GameObject: {fileID: 1612640943269892}
  m_LocalRotation: {x: -8.9840985e-10, y: -0.0000000013137209, z: -0.0000000013311638,
    w: 1}
  m_LocalPosition: {x: -0.032785885, y: -0.0000000072260775, z: 0.0000000065141657}
  m_LocalScale: {x: 1, y: 0.99999994, z: 1}
  m_Children: []
  m_Father: {fileID: 4099818386819036}
  m_RootOrder: 0
  m_LocalEulerAnglesHint: {x: 0, y: 0, z: 0}
--- !u!4 &4629871222496122
Transform:
  m_ObjectHideFlags: 1
  m_PrefabParentObject: {fileID: 0}
  m_PrefabInternal: {fileID: 100100000}
  m_GameObject: {fileID: 1187167197841736}
  m_LocalRotation: {x: 0, y: 0.8319019, z: 0, w: 0.5549227}
  m_LocalPosition: {x: 13.416769, y: 0.9305006, z: -1.8042407}
  m_LocalScale: {x: 1, y: 1, z: 1}
  m_Children:
  - {fileID: 4015837676112432}
  - {fileID: 4709990727513142}
  - {fileID: 4581330166483378}
  m_Father: {fileID: 0}
  m_RootOrder: 0
  m_LocalEulerAnglesHint: {x: 0, y: 0, z: 0}
--- !u!4 &4632356680264440
Transform:
  m_ObjectHideFlags: 1
  m_PrefabParentObject: {fileID: 0}
  m_PrefabInternal: {fileID: 100100000}
  m_GameObject: {fileID: 1099697351109190}
  m_LocalRotation: {x: -9.282197e-10, y: -4.758284e-10, z: 0.022896037, w: 0.99973786}
  m_LocalPosition: {x: -0.0159367, y: -0.00000007563584, z: -0.0000000041189407}
  m_LocalScale: {x: 1, y: 1.0000001, z: 1}
  m_Children: []
  m_Father: {fileID: 4763034947645126}
  m_RootOrder: 0
  m_LocalEulerAnglesHint: {x: 0, y: 0, z: 0}
--- !u!4 &4644352403112894
Transform:
  m_ObjectHideFlags: 1
  m_PrefabParentObject: {fileID: 0}
  m_PrefabInternal: {fileID: 100100000}
  m_GameObject: {fileID: 1354610628200722}
  m_LocalRotation: {x: 0.67633146, y: 0.040111676, z: 0.7082953, w: -0.19820337}
  m_LocalPosition: {x: 0.017431786, y: 0.0029892533, z: -0.04487401}
  m_LocalScale: {x: 1, y: 1, z: 1}
  m_Children:
  - {fileID: 4386783674875884}
  m_Father: {fileID: 4096435646354212}
  m_RootOrder: 2
  m_LocalEulerAnglesHint: {x: 0, y: 0, z: 0}
--- !u!4 &4646696901184026
Transform:
  m_ObjectHideFlags: 1
  m_PrefabParentObject: {fileID: 0}
  m_PrefabInternal: {fileID: 100100000}
  m_GameObject: {fileID: 1640264455747866}
  m_LocalRotation: {x: 0.000000004348588, y: -0.0000000017297155, z: 1, w: 6.875416e-17}
  m_LocalPosition: {x: -0.03361932, y: 0.000000013089752, z: -0.000000022487184}
  m_LocalScale: {x: -1, y: -1, z: -1}
  m_Children: []
  m_Father: {fileID: 4062855247356680}
  m_RootOrder: 0
  m_LocalEulerAnglesHint: {x: 0, y: 0, z: 0}
--- !u!4 &4649028747141450
Transform:
  m_ObjectHideFlags: 1
  m_PrefabParentObject: {fileID: 0}
  m_PrefabInternal: {fileID: 100100000}
  m_GameObject: {fileID: 1548815252088992}
  m_LocalRotation: {x: -1.7380226e-13, y: -0.00000029288674, z: 0.105598725, w: 0.99440885}
  m_LocalPosition: {x: -0.053372577, y: -0.0000000033893512, z: 4.8437575e-15}
  m_LocalScale: {x: 0.99999994, y: 0.99999994, z: 0.99999994}
  m_Children:
  - {fileID: 4049347389964590}
  - {fileID: 4741917240139252}
  - {fileID: 4563367865273244}
  m_Father: {fileID: 4096435646354212}
  m_RootOrder: 0
  m_LocalEulerAnglesHint: {x: 0, y: 0, z: 0}
--- !u!4 &4695922665954552
Transform:
  m_ObjectHideFlags: 1
  m_PrefabParentObject: {fileID: 0}
  m_PrefabInternal: {fileID: 100100000}
  m_GameObject: {fileID: 1426590876457620}
  m_LocalRotation: {x: -0.000000002363208, y: -0.000000005290037, z: -0.48125917,
    w: 0.8765784}
  m_LocalPosition: {x: -0.024968449, y: 0.000000006619955, z: -0.0000000073701254}
  m_LocalScale: {x: 1, y: 1, z: 1}
  m_Children:
  - {fileID: 4941127173708006}
  m_Father: {fileID: 4600845324051486}
  m_RootOrder: 0
  m_LocalEulerAnglesHint: {x: 0, y: 0, z: 0}
--- !u!4 &4701298611344278
Transform:
  m_ObjectHideFlags: 1
  m_PrefabParentObject: {fileID: 0}
  m_PrefabInternal: {fileID: 100100000}
  m_GameObject: {fileID: 1014514253824404}
  m_LocalRotation: {x: 0.0000000024039497, y: -0.0000000073476536, z: 0.018669384,
    w: 0.9998257}
  m_LocalPosition: {x: -0.055662464, y: 0.00000027576704, z: 0.000000001095082}
  m_LocalScale: {x: 0.9999998, y: 0.9999999, z: 1}
  m_Children: []
  m_Father: {fileID: 4380653038257512}
  m_RootOrder: 0
  m_LocalEulerAnglesHint: {x: 0, y: 0, z: 0}
--- !u!4 &4705994927905716
Transform:
  m_ObjectHideFlags: 1
  m_PrefabParentObject: {fileID: 0}
  m_PrefabInternal: {fileID: 100100000}
  m_GameObject: {fileID: 1759741216232690}
  m_LocalRotation: {x: -0.49999967, y: 0.50000036, z: 0.49999967, w: 0.50000036}
  m_LocalPosition: {x: -2.7384881e-17, y: 4.8518706e-17, z: 0}
  m_LocalScale: {x: 1, y: 0.99999994, z: 0.99999994}
  m_Children:
  - {fileID: 4270324610083476}
  m_Father: {fileID: 4015837676112432}
  m_RootOrder: 0
  m_LocalEulerAnglesHint: {x: 0, y: 0, z: 0}
--- !u!4 &4706064074634822
Transform:
  m_ObjectHideFlags: 1
  m_PrefabParentObject: {fileID: 0}
  m_PrefabInternal: {fileID: 100100000}
  m_GameObject: {fileID: 1953118669547270}
  m_LocalRotation: {x: 0.036099575, y: 0.000000005839822, z: 0.000000016152118, w: 0.9993482}
  m_LocalPosition: {x: 0.0000000042361044, y: 7.730165e-11, z: 6.061782e-12}
  m_LocalScale: {x: 1, y: 1, z: 1}
  m_Children:
  - {fileID: 4321367060722634}
  m_Father: {fileID: 4812625069392706}
  m_RootOrder: 0
  m_LocalEulerAnglesHint: {x: 0, y: 0, z: 0}
--- !u!4 &4707570228668156
Transform:
  m_ObjectHideFlags: 1
  m_PrefabParentObject: {fileID: 0}
  m_PrefabInternal: {fileID: 100100000}
  m_GameObject: {fileID: 1756679182245992}
  m_LocalRotation: {x: -0.0000000040426675, y: -0.0000000039243893, z: -0.5719828,
    w: 0.82026565}
  m_LocalPosition: {x: -0.020607661, y: 0.000000003375673, z: -0.0000000025919586}
  m_LocalScale: {x: 1, y: 1, z: 1.0000001}
  m_Children:
  - {fileID: 4733188445892106}
  m_Father: {fileID: 4069223342585304}
  m_RootOrder: 0
  m_LocalEulerAnglesHint: {x: 0, y: 0, z: 0}
--- !u!4 &4708355788951162
Transform:
  m_ObjectHideFlags: 1
  m_PrefabParentObject: {fileID: 0}
  m_PrefabInternal: {fileID: 100100000}
  m_GameObject: {fileID: 1143991833267654}
  m_LocalRotation: {x: -0.0000000032664267, y: -0.0000000058965357, z: -0.64108306,
    w: 0.7674715}
  m_LocalPosition: {x: -0.029129863, y: 0.0000000022151645, z: 0.0000000012244697}
  m_LocalScale: {x: 1, y: 1, z: 1}
  m_Children:
  - {fileID: 4411375529809870}
  m_Father: {fileID: 4416487799384718}
  m_RootOrder: 0
  m_LocalEulerAnglesHint: {x: 0, y: 0, z: 0}
--- !u!4 &4709990727513142
Transform:
  m_ObjectHideFlags: 1
  m_PrefabParentObject: {fileID: 0}
  m_PrefabInternal: {fileID: 100100000}
  m_GameObject: {fileID: 1739250556303168}
  m_LocalRotation: {x: -0.7071068, y: 0, z: -0, w: 0.7071068}
  m_LocalPosition: {x: -0.000000006716226, y: -0.9966454, z: 6.2963706e-10}
  m_LocalScale: {x: 1, y: 1, z: 1}
  m_Children: []
  m_Father: {fileID: 4629871222496122}
  m_RootOrder: 1
  m_LocalEulerAnglesHint: {x: 0, y: 0, z: 0}
--- !u!4 &4712817309414082
Transform:
  m_ObjectHideFlags: 1
  m_PrefabParentObject: {fileID: 0}
  m_PrefabInternal: {fileID: 100100000}
  m_GameObject: {fileID: 1082682829442840}
  m_LocalRotation: {x: -0.000000016414184, y: 0.00000007422214, z: -0.7071067, w: 0.7071068}
  m_LocalPosition: {x: -0.14823177, y: 0.08358963, z: -9.319672e-10}
  m_LocalScale: {x: 0.99999994, y: 0.99999994, z: 1}
  m_Children:
  - {fileID: 4017157266137300}
  m_Father: {fileID: 4213833765115032}
  m_RootOrder: 0
  m_LocalEulerAnglesHint: {x: 0, y: 0, z: 0}
--- !u!4 &4733188445892106
Transform:
  m_ObjectHideFlags: 1
  m_PrefabParentObject: {fileID: 0}
  m_PrefabInternal: {fileID: 100100000}
  m_GameObject: {fileID: 1102358902251878}
  m_LocalRotation: {x: -0.0000000043213624, y: -0.000000006568434, z: 1, w: 3.2847756e-17}
  m_LocalPosition: {x: -0.026389303, y: 0.000000010641292, z: 0.000000004398039}
  m_LocalScale: {x: -0.99999994, y: -1, z: -1}
  m_Children: []
  m_Father: {fileID: 4707570228668156}
  m_RootOrder: 0
  m_LocalEulerAnglesHint: {x: 0, y: 0, z: 0}
--- !u!4 &4741917240139252
Transform:
  m_ObjectHideFlags: 1
  m_PrefabParentObject: {fileID: 0}
  m_PrefabInternal: {fileID: 100100000}
  m_GameObject: {fileID: 1221147392360264}
  m_LocalRotation: {x: -0.00040031684, y: -0.7071067, z: -0.00040031684, w: 0.7071067}
  m_LocalPosition: {x: -0.054916646, y: 0.06568322, z: -0.00023239022}
  m_LocalScale: {x: 1, y: 0.9999998, z: 0.9999999}
  m_Children:
  - {fileID: 4140513919626126}
  - {fileID: 4798569016731678}
  - {fileID: 4628672727470242}
  - {fileID: 4763034947645126}
  - {fileID: 4969836666226248}
  - {fileID: 4390820801195736}
  - {fileID: 4048204869028558}
  m_Father: {fileID: 4649028747141450}
  m_RootOrder: 1
  m_LocalEulerAnglesHint: {x: 0, y: 0, z: 0}
--- !u!4 &4742178129394438
Transform:
  m_ObjectHideFlags: 1
  m_PrefabParentObject: {fileID: 0}
  m_PrefabInternal: {fileID: 100100000}
  m_GameObject: {fileID: 1874213170256004}
  m_LocalRotation: {x: 0.34745735, y: -0.43100068, z: 0.51165617, w: 0.6570539}
  m_LocalPosition: {x: -0.103889026, y: -0.0000000024280766, z: 0.00000001689807}
  m_LocalScale: {x: 1.0000001, y: 1.0000001, z: 1}
  m_Children:
  - {fileID: 4812625069392706}
  m_Father: {fileID: 4459118277400520}
  m_RootOrder: 0
  m_LocalEulerAnglesHint: {x: 0, y: 0, z: 0}
--- !u!4 &4757257016488080
Transform:
  m_ObjectHideFlags: 1
  m_PrefabParentObject: {fileID: 0}
  m_PrefabInternal: {fileID: 100100000}
  m_GameObject: {fileID: 1029954372767158}
  m_LocalRotation: {x: -9.29472e-10, y: -0.000000006398738, z: 0.19287276, w: 0.98122376}
  m_LocalPosition: {x: -0.047464687, y: -0.0000000065750587, z: 0.0000000031640481}
  m_LocalScale: {x: 0.99999994, y: 1, z: 1}
  m_Children:
  - {fileID: 4436041886936460}
  m_Father: {fileID: 4922861196148570}
  m_RootOrder: 0
  m_LocalEulerAnglesHint: {x: 0, y: 0, z: 0}
--- !u!4 &4763034947645126
Transform:
  m_ObjectHideFlags: 1
  m_PrefabParentObject: {fileID: 0}
  m_PrefabInternal: {fileID: 100100000}
  m_GameObject: {fileID: 1993729208436062}
  m_LocalRotation: {x: 0.54245996, y: -0.45358115, z: 0.54246217, w: -0.45358145}
  m_LocalPosition: {x: -0.02658599, y: 0.009775983, z: 0.024201674}
  m_LocalScale: {x: 0.99999964, y: 0.9999997, z: 0.99999994}
  m_Children:
  - {fileID: 4632356680264440}
  m_Father: {fileID: 4741917240139252}
  m_RootOrder: 3
  m_LocalEulerAnglesHint: {x: 0, y: 0, z: 0}
--- !u!4 &4766671085554434
Transform:
  m_ObjectHideFlags: 1
  m_PrefabParentObject: {fileID: 0}
  m_PrefabInternal: {fileID: 100100000}
  m_GameObject: {fileID: 1619165277310524}
  m_LocalRotation: {x: -0.000000004391897, y: 0.000000005839436, z: -0.62620944, w: 0.7796549}
  m_LocalPosition: {x: -0.02060766, y: 0.000000004994288, z: -0.000000010778907}
  m_LocalScale: {x: 0.99999994, y: 1, z: 1}
  m_Children:
  - {fileID: 4238529944880234}
  m_Father: {fileID: 4907383331849606}
  m_RootOrder: 0
  m_LocalEulerAnglesHint: {x: 0, y: 0, z: 0}
--- !u!4 &4796071435891546
Transform:
  m_ObjectHideFlags: 1
  m_PrefabParentObject: {fileID: 0}
  m_PrefabInternal: {fileID: 100100000}
  m_GameObject: {fileID: 1743311734300180}
  m_LocalRotation: {x: -0.0000000041635584, y: 1.09914716e-10, z: -0.018841669, w: 0.9998225}
  m_LocalPosition: {x: -0.018464454, y: -0.00000044240892, z: 0.0000000013408943}
  m_LocalScale: {x: 1, y: 1, z: 1}
  m_Children: []
  m_Father: {fileID: 4390820801195736}
  m_RootOrder: 0
  m_LocalEulerAnglesHint: {x: 0, y: 0, z: 0}
--- !u!4 &4797641957295826
Transform:
  m_ObjectHideFlags: 1
  m_PrefabParentObject: {fileID: 0}
  m_PrefabInternal: {fileID: 100100000}
  m_GameObject: {fileID: 1648500834985564}
  m_LocalRotation: {x: 0.00039307502, y: 0.000063400046, z: -0.15924719, w: 0.9872387}
  m_LocalPosition: {x: -0.07120462, y: -0.007762829, z: 0.009863751}
  m_LocalScale: {x: 1, y: 1, z: 0.9999999}
  m_Children:
  - {fileID: 4062855247356680}
  m_Father: {fileID: 4320821854898962}
  m_RootOrder: 2
  m_LocalEulerAnglesHint: {x: 0, y: 0, z: 0}
--- !u!4 &4798569016731678
Transform:
  m_ObjectHideFlags: 1
  m_PrefabParentObject: {fileID: 0}
  m_PrefabInternal: {fileID: 100100000}
  m_GameObject: {fileID: 1221063043146010}
  m_LocalRotation: {x: 0.047087967, y: 0.04639186, z: -0.6786352, w: 0.7314949}
  m_LocalPosition: {x: -0.01582756, y: -0.0160967, z: 0.04077691}
  m_LocalScale: {x: 1.0000001, y: 1, z: 0.99999994}
  m_Children:
  - {fileID: 4018345004653112}
  m_Father: {fileID: 4741917240139252}
  m_RootOrder: 1
  m_LocalEulerAnglesHint: {x: 0, y: 0, z: 0}
--- !u!4 &4812625069392706
Transform:
  m_ObjectHideFlags: 1
  m_PrefabParentObject: {fileID: 0}
  m_PrefabInternal: {fileID: 100100000}
  m_GameObject: {fileID: 1413874598961544}
  m_LocalRotation: {x: 0.000000026550834, y: -0.000000033275647, z: 0.6996899, w: 0.71444666}
  m_LocalPosition: {x: -0.23270942, y: -4.229654e-10, z: -0.000000009968931}
  m_LocalScale: {x: 0.9999999, y: 0.99999994, z: 1}
  m_Children:
  - {fileID: 4706064074634822}
  - {fileID: 4935104329860662}
  m_Father: {fileID: 4742178129394438}
  m_RootOrder: 0
  m_LocalEulerAnglesHint: {x: 0, y: 0, z: 0}
--- !u!4 &4838543623054590
Transform:
  m_ObjectHideFlags: 1
  m_PrefabParentObject: {fileID: 0}
  m_PrefabInternal: {fileID: 100100000}
  m_GameObject: {fileID: 1243244983897070}
  m_LocalRotation: {x: 0.000000003140472, y: 7.7018295e-11, z: 0.021407027, w: 0.9997709}
  m_LocalPosition: {x: -0.013479357, y: -0.00000007678682, z: 4.221755e-10}
  m_LocalScale: {x: 1, y: 1, z: 1}
  m_Children: []
  m_Father: {fileID: 4628672727470242}
  m_RootOrder: 0
  m_LocalEulerAnglesHint: {x: 0, y: 0, z: 0}
--- !u!4 &4844930057653630
Transform:
  m_ObjectHideFlags: 1
  m_PrefabParentObject: {fileID: 0}
  m_PrefabInternal: {fileID: 100100000}
  m_GameObject: {fileID: 1573064250837114}
  m_LocalRotation: {x: -0.000000002332267, y: -0.0000000040951664, z: -0.6351896,
    w: 0.7723563}
  m_LocalPosition: {x: -0.024968447, y: -0.000000003881342, z: 8.3811824e-10}
  m_LocalScale: {x: 1.0000001, y: 1, z: 1}
  m_Children:
  - {fileID: 4914091618770016}
  m_Father: {fileID: 4450291625352780}
  m_RootOrder: 0
  m_LocalEulerAnglesHint: {x: 0, y: 0, z: 0}
--- !u!4 &4867310629414452
Transform:
  m_ObjectHideFlags: 1
  m_PrefabParentObject: {fileID: 0}
  m_PrefabInternal: {fileID: 100100000}
  m_GameObject: {fileID: 1040131014119640}
  m_LocalRotation: {x: -0.00029400078, y: -0.00026850594, z: -0.6743497, w: 0.738412}
  m_LocalPosition: {x: -0.06980582, y: -0.007813787, z: 0.004927675}
  m_LocalScale: {x: 1, y: 1.0000001, z: 0.99999994}
  m_Children:
  - {fileID: 4099818386819036}
  m_Father: {fileID: 4935104329860662}
  m_RootOrder: 3
  m_LocalEulerAnglesHint: {x: 0, y: 0, z: 0}
--- !u!4 &4907383331849606
Transform:
  m_ObjectHideFlags: 1
  m_PrefabParentObject: {fileID: 0}
  m_PrefabInternal: {fileID: 100100000}
  m_GameObject: {fileID: 1061178078569226}
  m_LocalRotation: {x: -0.0003006031, y: -0.00026109192, z: -0.65573597, w: 0.7549902}
  m_LocalPosition: {x: -0.06386663, y: -0.0064967223, z: 0.016962366}
  m_LocalScale: {x: 0.9999999, y: 1, z: 0.99999994}
  m_Children:
  - {fileID: 4766671085554434}
  m_Father: {fileID: 4935104329860662}
  m_RootOrder: 4
  m_LocalEulerAnglesHint: {x: 0, y: 0, z: 0}
--- !u!4 &4912145210592796
Transform:
  m_ObjectHideFlags: 1
  m_PrefabParentObject: {fileID: 0}
  m_PrefabInternal: {fileID: 100100000}
  m_GameObject: {fileID: 1292156757182628}
  m_LocalRotation: {x: -0.00000000977123, y: 0.0000000073722917, z: -0.5716943, w: 0.82046676}
  m_LocalPosition: {x: -0.047464684, y: -0.0000000044250985, z: 0.000000006803455}
  m_LocalScale: {x: 1, y: 1, z: 1}
  m_Children:
  - {fileID: 4195579851826188}
  m_Father: {fileID: 4505272211592036}
  m_RootOrder: 0
  m_LocalEulerAnglesHint: {x: 0, y: 0, z: 0}
--- !u!4 &4914091618770016
Transform:
  m_ObjectHideFlags: 1
  m_PrefabParentObject: {fileID: 0}
  m_PrefabInternal: {fileID: 100100000}
  m_GameObject: {fileID: 1456589756964842}
  m_LocalRotation: {x: 0.000000011321779, y: -0.0000000018744521, z: -0.000000003318172,
    w: 1}
  m_LocalPosition: {x: -0.029391311, y: 0.0000000014574749, z: 0.0000000037223644}
  m_LocalScale: {x: 1, y: 1, z: 1}
  m_Children: []
  m_Father: {fileID: 4844930057653630}
  m_RootOrder: 0
  m_LocalEulerAnglesHint: {x: 0, y: 0, z: 0}
--- !u!4 &4922861196148570
Transform:
  m_ObjectHideFlags: 1
  m_PrefabParentObject: {fileID: 0}
  m_PrefabInternal: {fileID: 100100000}
  m_GameObject: {fileID: 1959150456823782}
  m_LocalRotation: {x: -0.36340618, y: 0.57974106, z: 0.04209073, w: 0.72805536}
  m_LocalPosition: {x: -0.021690061, y: 0.008636078, z: 0.026523845}
  m_LocalScale: {x: 0.9999999, y: 0.9999999, z: 1.0000001}
  m_Children:
  - {fileID: 4757257016488080}
  m_Father: {fileID: 4320821854898962}
  m_RootOrder: 0
  m_LocalEulerAnglesHint: {x: 0, y: 0, z: 0}
--- !u!4 &4935104329860662
Transform:
  m_ObjectHideFlags: 1
  m_PrefabParentObject: {fileID: 0}
  m_PrefabInternal: {fileID: 100100000}
  m_GameObject: {fileID: 1146857159104668}
  m_LocalRotation: {x: 0.6968624, y: 0.4317159, z: 0.3641581, w: -0.44203287}
  m_LocalPosition: {x: -0.22339453, y: 0.0000000050237308, z: 0.0000000099015205}
  m_LocalScale: {x: 1, y: 1.0000001, z: 1}
  m_Children:
  - {fileID: 4505272211592036}
  - {fileID: 4450291625352780}
  - {fileID: 4416487799384718}
  - {fileID: 4867310629414452}
  - {fileID: 4907383331849606}
  m_Father: {fileID: 4812625069392706}
  m_RootOrder: 1
  m_LocalEulerAnglesHint: {x: 0, y: 0, z: 0}
--- !u!4 &4941127173708006
Transform:
  m_ObjectHideFlags: 1
  m_PrefabParentObject: {fileID: 0}
  m_PrefabInternal: {fileID: 100100000}
  m_GameObject: {fileID: 1904753479928732}
  m_LocalRotation: {x: 0.000000005955865, y: 0.000000007890886, z: 1, w: -1.08229397e-16}
  m_LocalPosition: {x: -0.032785863, y: 0.000000019690804, z: -0.000000025678586}
  m_LocalScale: {x: -1, y: -1, z: -1}
  m_Children: []
  m_Father: {fileID: 4695922665954552}
  m_RootOrder: 0
  m_LocalEulerAnglesHint: {x: 0, y: 0, z: 0}
--- !u!4 &4969836666226248
Transform:
  m_ObjectHideFlags: 1
  m_PrefabParentObject: {fileID: 0}
  m_PrefabInternal: {fileID: 100100000}
  m_GameObject: {fileID: 1684002574037790}
  m_LocalRotation: {x: 0.7040377, y: -0.065801114, z: 0.7040394, w: -0.0657999}
  m_LocalPosition: {x: 0.00023258069, y: -0.03929295, z: -0.0030206484}
  m_LocalScale: {x: 0.99999994, y: 0.9999999, z: 0.99999994}
  m_Children:
  - {fileID: 4380653038257512}
  m_Father: {fileID: 4741917240139252}
  m_RootOrder: 4
  m_LocalEulerAnglesHint: {x: 0, y: 0, z: 0}
--- !u!4 &4970560618835522
Transform:
  m_ObjectHideFlags: 1
  m_PrefabParentObject: {fileID: 0}
  m_PrefabInternal: {fileID: 100100000}
  m_GameObject: {fileID: 1067794613455432}
  m_LocalRotation: {x: 0.087839805, y: 0.0000000061896395, z: 0.0000000045780695,
    w: 0.99613464}
  m_LocalPosition: {x: -0.111697234, y: -0.00000001731384, z: 0.000000007545536}
  m_LocalScale: {x: 1, y: 0.9999999, z: 1}
  m_Children: []
  m_Father: {fileID: 4534204289430850}
  m_RootOrder: 0
  m_LocalEulerAnglesHint: {x: 0, y: 0, z: 0}
--- !u!4 &4984211104853058
Transform:
  m_ObjectHideFlags: 1
  m_PrefabParentObject: {fileID: 0}
  m_PrefabInternal: {fileID: 100100000}
  m_GameObject: {fileID: 1972271241150306}
  m_LocalRotation: {x: 2.275666e-14, y: -0.00000030008556, z: 0.10819351, w: 0.9941299}
  m_LocalPosition: {x: -0.14172113, y: -0.00018615309, z: -5.163083e-10}
  m_LocalScale: {x: 1, y: 1, z: 0.99999994}
  m_Children:
  - {fileID: 4096435646354212}
  m_Father: {fileID: 4270324610083476}
  m_RootOrder: 2
  m_LocalEulerAnglesHint: {x: 0, y: 0, z: 0}
--- !u!4 &4997087863573356
Transform:
  m_ObjectHideFlags: 1
  m_PrefabParentObject: {fileID: 0}
  m_PrefabInternal: {fileID: 100100000}
  m_GameObject: {fileID: 1727619223166378}
  m_LocalRotation: {x: -0.0000000031755918, y: -0.0000000028002363, z: 0.14361309,
    w: 0.9896339}
  m_LocalPosition: {x: -0.4024372, y: -0.000000005827383, z: 8.568322e-10}
  m_LocalScale: {x: 1, y: 1, z: 1}
  m_Children:
  - {fileID: 4174192398198084}
  m_Father: {fileID: 4271300756873994}
  m_RootOrder: 0
  m_LocalEulerAnglesHint: {x: 0, y: 0, z: 0}
--- !u!111 &111782043206757212
Animation:
  m_ObjectHideFlags: 1
  m_PrefabParentObject: {fileID: 0}
  m_PrefabInternal: {fileID: 100100000}
  m_GameObject: {fileID: 1187167197841736}
  m_Enabled: 1
  serializedVersion: 3
  m_Animation: {fileID: 7400000, guid: a9a09c81f874c28428358a3f9115bd0c, type: 3}
  m_Animations:
  - {fileID: 7400000, guid: a9a09c81f874c28428358a3f9115bd0c, type: 3}
  - {fileID: 7400002, guid: a9a09c81f874c28428358a3f9115bd0c, type: 3}
  - {fileID: 7400004, guid: a9a09c81f874c28428358a3f9115bd0c, type: 3}
  - {fileID: 7400006, guid: a9a09c81f874c28428358a3f9115bd0c, type: 3}
  - {fileID: 7400008, guid: a9a09c81f874c28428358a3f9115bd0c, type: 3}
  - {fileID: 7400010, guid: a9a09c81f874c28428358a3f9115bd0c, type: 3}
  - {fileID: 7400012, guid: a9a09c81f874c28428358a3f9115bd0c, type: 3}
  - {fileID: 7400014, guid: a9a09c81f874c28428358a3f9115bd0c, type: 3}
  - {fileID: 7400016, guid: a9a09c81f874c28428358a3f9115bd0c, type: 3}
  - {fileID: 7400018, guid: a9a09c81f874c28428358a3f9115bd0c, type: 3}
  - {fileID: 7400020, guid: a9a09c81f874c28428358a3f9115bd0c, type: 3}
  - {fileID: 7400022, guid: a9a09c81f874c28428358a3f9115bd0c, type: 3}
  - {fileID: 7400024, guid: a9a09c81f874c28428358a3f9115bd0c, type: 3}
  m_WrapMode: 0
  m_PlayAutomatically: 1
  m_AnimatePhysics: 0
  m_CullingType: 1
--- !u!135 &135359496931758286
SphereCollider:
  m_ObjectHideFlags: 1
  m_PrefabParentObject: {fileID: 0}
  m_PrefabInternal: {fileID: 100100000}
  m_GameObject: {fileID: 1187167197841736}
  m_Material: {fileID: 0}
  m_IsTrigger: 0
  m_Enabled: 1
  serializedVersion: 2
  m_Radius: 0.5
  m_Center: {x: 0, y: 0, z: 0}
--- !u!137 &137590253175504120
SkinnedMeshRenderer:
  m_ObjectHideFlags: 1
  m_PrefabParentObject: {fileID: 0}
  m_PrefabInternal: {fileID: 100100000}
  m_GameObject: {fileID: 1603725553672166}
  m_Enabled: 1
  m_CastShadows: 1
  m_ReceiveShadows: 1
  m_DynamicOccludee: 1
  m_MotionVectors: 1
  m_LightProbeUsage: 1
  m_ReflectionProbeUsage: 1
  m_Materials:
  - {fileID: 2100000, guid: 4276297a9e082e74fb8ca3a2898fb47d, type: 2}
  - {fileID: 2100000, guid: 21b241cc06f999542a4b611d602a659f, type: 2}
  - {fileID: 2100000, guid: 6ca4ffa6d4e3fbe4aa7c76e072e8ef53, type: 2}
  - {fileID: 2100000, guid: 5e57afaefa72b1b4fbeb65492f84d481, type: 2}
  - {fileID: 2100000, guid: 447fde2cc9e9d1247bf77be9046e25b6, type: 2}
  m_StaticBatchInfo:
    firstSubMesh: 0
    subMeshCount: 0
  m_StaticBatchRoot: {fileID: 0}
  m_ProbeAnchor: {fileID: 0}
  m_LightProbeVolumeOverride: {fileID: 0}
  m_ScaleInLightmap: 1
  m_PreserveUVs: 0
  m_IgnoreNormalsForChartDetection: 0
  m_ImportantGI: 0
  m_StitchLightmapSeams: 0
  m_SelectedEditorRenderState: 3
  m_MinimumChartSize: 4
  m_AutoUVMaxDistance: 0.5
  m_AutoUVMaxAngle: 89
  m_LightmapParameters: {fileID: 0}
  m_SortingLayerID: 0
  m_SortingLayer: 0
  m_SortingOrder: 0
  serializedVersion: 2
  m_Quality: 0
  m_UpdateWhenOffscreen: 0
  m_SkinnedMotionVectors: 1
  m_Mesh: {fileID: 4300000, guid: a9a09c81f874c28428358a3f9115bd0c, type: 3}
  m_Bones:
  - {fileID: 4270324610083476}
  - {fileID: 4984211104853058}
  - {fileID: 4705994927905716}
  - {fileID: 4017290675417644}
  - {fileID: 4271300756873994}
  - {fileID: 4592236487927420}
  - {fileID: 4213833765115032}
  - {fileID: 4712817309414082}
  - {fileID: 4174192398198084}
  - {fileID: 4997087863573356}
  - {fileID: 4579639417654218}
  - {fileID: 4649028747141450}
  - {fileID: 4459118277400520}
  - {fileID: 4096435646354212}
  - {fileID: 4644352403112894}
  - {fileID: 4742178129394438}
  - {fileID: 4706064074634822}
  - {fileID: 4321367060722634}
  - {fileID: 4935104329860662}
  - {fileID: 4386783674875884}
  - {fileID: 4534204289430850}
  - {fileID: 4970560618835522}
  - {fileID: 4320821854898962}
  - {fileID: 4380653038257512}
  - {fileID: 4563367865273244}
  - {fileID: 4140513919626126}
  - {fileID: 4798569016731678}
  - {fileID: 4390820801195736}
  - {fileID: 4628672727470242}
  - {fileID: 4048204869028558}
  - {fileID: 4763034947645126}
  - {fileID: 4099818386819036}
  - {fileID: 4708355788951162}
  - {fileID: 4867310629414452}
  - {fileID: 4416487799384718}
  - {fileID: 4844930057653630}
  - {fileID: 4450291625352780}
  - {fileID: 4505272211592036}
  - {fileID: 4912145210592796}
  - {fileID: 4766671085554434}
  - {fileID: 4907383331849606}
  - {fileID: 4695922665954552}
  - {fileID: 4062855247356680}
  - {fileID: 4600845324051486}
  - {fileID: 4797641957295826}
  - {fileID: 4235491707060628}
  - {fileID: 4614015970404070}
  - {fileID: 4922861196148570}
  - {fileID: 4757257016488080}
  - {fileID: 4707570228668156}
  - {fileID: 4069223342585304}
  m_BlendShapeWeights: []
  m_RootBone: {fileID: 4705994927905716}
  m_AABB:
    m_Center: {x: 0.08546296, y: 0.10845709, z: -0.04828544}
    m_Extent: {x: 0.92368567, y: 0.53455245, z: 0.41848987}
  m_DirtyAABB: 0
